% Put you own bibliography entries in this file
%SUSY
@techreport{Alonso:2689095,
      author        = "Alonso, Francisco and Bogavac, Danijela and Carminati,
                       Leonardo and Cavalli, Donatella and Dova, Maria-Teresa and
                       Fanti, Marcello and Fugante, Gianluca and Gingrich, Douglas
                       and Gonzalez Fernandez, Sergio and Martinez  Perez, Mario
                       and Mancuso, Chiara and Manzoni, Stefano and Mungo, Davide
                       Pietro and Nasella, Laura and Piazza, Federica and Resconi,
                       Silvia and Villaplana Perez, Miguel",
      title         = "{Search for dark matter with the ATLAS detector in
                       monophoton events from $pp$ collisions at $\sqrt{s} = 13$
                       TeV in Run-2}",
      institution   = "CERN",
      address       = "Geneva",
      number        = "ATL-COM-PHYS-2019-1162",
      month         = "Sep",
      year          = "2019",
      reportNumber  = "ATL-COM-PHYS-2019-1162",
      url           = "https://cds.cern.ch/record/2689095",
}

@article{Borschensky:2014cia,
      author         = "Borschensky, Christoph and Kramer, Michael and Kulesza,
                        Anna and Mangano, Michelangelo and Padhi, Sanjay and
                        Plehn, Tilman and Portell, Xavier",
      title          = "{Squark and gluino production cross sections in pp
                        collisions at $\sqrt{s}$ = 13, 14, 33 and 100 TeV}",
      journal        = "Eur. Phys. J. C",
      volume         = "74",
      year           = "2014",
      pages          = "3174",
      doi            = "10.1140/epjc/s10052-014-3174-y",
      eprint         = "1407.5066",
      archivePrefix  = "arXiv",
      primaryClass   = "hep-ph",
      reportNumber   = "MS-TP-14-25, CERN-PH-TH-2014-137, TTK-14-13",
      SLACcitation   = "%%CITATION = ARXIV:1407.5066;%%"
}

@Article{Miyazawa:1966,
     author    = "Miyazawa, H.",
     title     = "{Baryon Number Changing Currents}",
     journal   = "Prog. Theor. Phys.",
     volume    = "36 (6)",
     year      = "1966",
     pages     = "1266-1276",
     doi       = "10.1143/PTP.36.1266",
     SLACcitation  = "%%CITATION = PRTHP,36(6),1266;%%"
}
@Article{Ramond:1971gb,
     author    = "Ramond, P.",
     title     = "{Dual Theory for Free Fermions}",
     journal   = "Phys. Rev.",
     volume    = "D3",
     year      = "1971",
     pages     = "2415-2418",
     doi       = "10.1103/PhysRevD.3.2415",
     SLACcitation  = "%%CITATION = PHRVA,D3,2415;%%"
}
@Article{Golfand:1971iw,
     author    = "Gol'fand, Yu. A. and Likhtman, E. P.",
     title     = "{Extension of the Algebra of Poincare Group Generators and
                  Violation of p Invariance}",
     journal   = "JETP Lett.",
     volume    = "13",
     year      = "1971",
     pages     = "323-326",
     note      = "[Pisma Zh.Eksp.Teor.Fiz. 13:452-455,1971]",
     SLACcitation  = "%%CITATION = JTPLA,13,323;%%"
}
@Article{Neveu:1971rx,
     author    = "Neveu, A. and Schwarz, J. H.",
     title     = "{Factorizable dual model of pions}",
     journal   = "Nucl. Phys.",
     volume    = "B31",
     year      = "1971",
     pages     = "86-112",
     doi       = "10.1016/0550-3213(71)90448-2",
     SLACcitation  = "%%CITATION = NUPHA,B31,86;%%"
}
@Article{Neveu:1971iv,
     author    = "Neveu, A. and Schwarz, J. H.",
     title     = "{Quark Model of Dual Pions}",
     journal   = "Phys. Rev.",
     volume    = "D4",
     year      = "1971",
     pages     = "1109-1111",
     doi       = "10.1103/PhysRevD.4.1109",
     SLACcitation  = "%%CITATION = PHRVA,D4,1109;%%"
}
@Article{Gervais:1971ji,
     author    = "Gervais, J.L. and Sakita, B.",
     title     = "{Field theory interpretation of supergauges in dual models}",
     journal   = "Nucl. Phys.",
     volume    = "B34",
     year      = "1971",
     pages     = "632-639",
     doi       = "10.1016/0550-3213(71)90351-8",
     SLACcitation  = "%%CITATION = NUPHA,B34,632;%%"
}
@Article{Volkov:1973ix,
     author    = "Volkov, D. V. and Akulov, V. P.",
     title     = "{Is the Neutrino a Goldstone Particle?}",
     journal   = "Phys. Lett. B",
     volume    = "46",
     year      = "1973",
     pages     = "109-110",
     doi       = "10.1016/0370-2693(73)90490-5",
     SLACcitation  = "%%CITATION = PHLTA,B46,109;%%"
}
@Article{Wess:1973kz,
     author    = "Wess, J. and Zumino, B.",
     title     = "{A Lagrangian Model Invariant Under Supergauge Transformations}",
     journal   = "Phys. Lett. B",
     volume    = "49",
     year      = "1974",
     pages     = "52",
     doi       = "10.1016/0370-2693(74)90578-4",
     SLACcitation  = "%%CITATION = PHLTA,B49,52;%%"
}
@Article{Wess:1974tw,
     author    = "Wess, J. and Zumino, B.",
     title     = "{Supergauge Transformations in Four-Dimensions}",
     journal   = "Nucl. Phys. B",
     volume    = "70",
     year      = "1974",
     pages     = "39-50",
     doi       = "10.1016/0550-3213(74)90355-1",
     SLACcitation  = "%%CITATION = NUPHA,B70,39;%%"
}

@article{Wess:1974jb,
      author         = "Wess, J. and Zumino, B.",
      title          = "{Supergauge Invariant Extension of Quantum
                        Electrodynamics}",
      journal        = "Nucl. Phys. B",
      volume         = "78",
      year           = "1974",
      pages          = "1",
      doi            = "10.1016/0550-3213(74)90112-6",
      reportNumber   = "CERN-TH-1857",
      SLACcitation   = "%%CITATION = NUPHA,B78,1;%%"
}

@article{Ferrara:1974pu,
      author         = "Ferrara, S. and Zumino, B.",
      title          = "{Supergauge Invariant Yang-Mills Theories}",
      journal        = "Nucl. Phys. B",
      volume         = "79",
      year           = "1974",
      pages          = "413",
      doi            = "10.1016/0550-3213(74)90559-8",
      reportNumber   = "CERN-TH-1866",
      SLACcitation   = "%%CITATION = NUPHA,B79,413;%%"
}

@article{Salam:1974ig,
      author         = "Salam, Abdus and Strathdee, J. A.",
      title          = "{Supersymmetry and Nonabelian Gauges}",
      journal        = "Phys. Lett. B",
      volume         = "51",
      year           = "1974",
      pages          = "353-355",
      doi            = "10.1016/0370-2693(74)90226-3",
      reportNumber   = "IC/74/36",
      SLACcitation   = "%%CITATION = PHLTA,B51,353;%%"
}

@article{Martin:1997ns,
      author         = "Martin, Stephen P.",
      title          = "{A Supersymmetry primer}",
      year           = "1997",
      doi            = "10.1142/9789812839657_0001, 10.1142/9789814307505_0001",
      note           = "[Adv. Ser. Direct. High Energy Phys.18,1(1998)]",
      eprint         = "hep-ph/9709356",
      archivePrefix  = "arXiv",
      primaryClass   = "hep-ph",
      reportNumber   = "FERMILAB-PUB-97-425-T",
      SLACcitation   = "%%CITATION = HEP-PH/9709356;%%"
}

%GMSB
@Article{Dine:1981gu,
     author    = "Dine, Michael and Fischler, Willy",
     title     = "{A Phenomenological Model of Particle Physics Based on
                  Supersymmetry}",
     journal   = "Phys. Lett. B",
     volume    = "110",
     year      = "1982",
     pages     = "227",
     doi       = "10.1016/0370-2693(82)91241-2",
     SLACcitation  = "%%CITATION = PHLTA,B110,227;%%"
}
@Article{AlvarezGaume:1981wy,
     author    = "Alvarez-Gaume, Luis and Claudson, Mark and Wise, Mark B.",
     title     = "{Low-Energy Supersymmetry}",
     journal   = "Nucl. Phys. B",
     volume    = "207",
     year      = "1982",
     pages     = "96",
     doi       = "10.1016/0550-3213(82)90138-9",
     SLACcitation  = "%%CITATION = NUPHA,B207,96;%%"
}
@Article{Nappi:1982hm,
     author    = "Nappi, Chiara R. and Ovrut, Burt A.",
     title     = "{Supersymmetric Extension of the SU(3) x SU(2) x U(1)
                  Model}",
     journal   = "Phys. Lett. B",
     volume    = "113",
     year      = "1982",
     pages     = "175",
     doi       = "10.1016/0370-2693(82)90418-X",
     SLACcitation  = "%%CITATION = PHLTA,B113,175;%%"
}
@Article{Dine:1993yw,
     author    = "Dine, Michael and Nelson, Ann E.",
     title     = "{Dynamical supersymmetry breaking at low-energies}",
     journal   = "Phys. Rev.",
     volume    = "D48",
     year      = "1993",
     pages     = "1277-1287",
     eprint    = "hep-ph/9303230",
     archivePrefix = "arXiv",
     doi       = "10.1103/PhysRevD.48.1277",
     SLACcitation  = "%%CITATION = HEP-PH/9303230;%%"
}
@Article{Dine:1994vc,
     author    = "Dine, Michael and Nelson, Ann E. and Shirman, Yuri",
     title     = "{Low-energy dynamical supersymmetry breaking simplified}",
     journal   = "Phys. Rev.",
     volume    = "D51",
     year      = "1995",
     pages     = "1362-1370",
     eprint    = "hep-ph/9408384",
     archivePrefix = "arXiv",
     doi       = "10.1103/PhysRevD.51.1362",
     SLACcitation  = "%%CITATION = HEP-PH/9408384;%%"
}
@Article{Dine:1995ag,
     author    = "Dine, Michael and Nelson, Ann E. and Nir, Yosef and
                  Shirman, Yuri",
     title     = "{New tools for low-energy dynamical supersymmetry
                  breaking}",
     journal   = "Phys. Rev.",
     volume    = "D53",
     year      = "1996",
     pages     = "2658-2669",
     eprint    = "hep-ph/9507378",
     archivePrefix = "arXiv",
     doi       = "10.1103/PhysRevD.53.2658",
     SLACcitation  = "%%CITATION = HEP-PH/9507378;%%"
}

%Gravitino Dark Matter
@Article{Goldberg:1983nd,
     author    = "Goldberg, H.",
     title     = "{Constraint on the photino mass from cosmology}",
     journal   = "Phys. Rev. Lett.",
     volume    = "50",
     year      = "1983",
     pages     = "1419",
     doi       = "10.1103/PhysRevLett.50.1419",
     SLACcitation  = "%%CITATION = PRLTA,50,1419;%%"
}
@Article{Ellis:1983ew,
     author    = "Ellis, J.R. and Hagelin, J.S. and Nanopoulos, D.V. and Olive, K.A. and Srednicki, M.",
     title     = "{Supersymmetric relics from the big bang}",
     journal   = "Nucl. Phys. B",
     volume    = "238",
     year      = "1984",
     pages     = "453-476",
     doi       = "10.1016/0550-3213(84)90461-9",
     SLACcitation  = "%%CITATION = NUPHA,B238,453;%%"
}

%GGM
@Article{Meade:2008wd,
     author    = "Meade, Patrick and Seiberg, Nathan and Shih, David",
     title     = "{General Gauge Mediation}",
     journal   = "Prog. Theor. Phys. Suppl.",
     volume    = "177",
     year      = "2009",
     pages     = "143-158",
     eprint    = "0801.3278",
     archivePrefix = "arXiv",
     primaryClass  =  "hep-ph",
     doi       = "10.1143/PTPS.177.143",
     SLACcitation  = "%%CITATION = 0801.3278;%%"
}

@Article{Buican:2008ws,
     author    = "Buican, Matthew and Meade, Patrick and Seiberg, Nathan and
                  Shih, David",
     title     = "{Exploring General Gauge Mediation}",
     journal   = "JHEP",
     volume    = "03",
     year      = "2009",
     pages     = "016",
     eprint    = "0812.3668",
     archivePrefix = "arXiv",
     primaryClass  =  "hep-ph",
     doi       = "10.1088/1126-6708/2009/03/016",
     SLACcitation  = "%%CITATION = 0812.3668;%%"
}

@article{Meade:2009qv,
      author         = "Meade, Patrick and Reece, Matthew and Shih, David",
      title          = "{Prompt Decays of General Neutralino NLSPs at the
                        Tevatron}",
      journal        = "JHEP",
      volume         = "1005",
      pages          = "105",
      doi            = "10.1007/JHEP05(2010)105",
      year           = "2010",
      eprint         = "0911.4130",
      archivePrefix  = "arXiv",
      primaryClass   = "hep-ph",
      SLACcitation   = "%%CITATION = ARXIV:0911.4130;%%",
}

@article{Ruderman:2011vv,
      author         = "Ruderman, Joshua T. and Shih, David",
      title          = "{General Neutralino NLSPs at the Early LHC}",
      year           = "2011",
      eprint         = "1103.6083",
      archivePrefix  = "arXiv",
      primaryClass   = "hep-ph",
      SLACcitation   = "%%CITATION = ARXIV:1103.6083;%%",
}

@article{Kats:2011qh,
      author         = "Kats, Yevgeny and Meade, Patrick and Reece, Matthew and
                        Shih, David",
      title          = "{The Status of GMSB After 1/fb at the LHC}",
      year           = "2011",
      eprint         = "1110.6444",
      archivePrefix  = "arXiv",
      primaryClass   = "hep-ph",
      reportNumber   = "RUNHETC-2011-19, YITP-SB-11-36",
      SLACcitation   = "%%CITATION = ARXIV:1110.6444;%%",
}

@article{Cheung:2007es,
      author         = "Cheung, Clifford and Fitzpatrick, A. Liam and Shih,
                        David",
      title          = "{(Extra)ordinary gauge mediation}",
      journal        = "JHEP",
      volume         = "0807",
      year           = "2008",
      pages          = "054",
      doi            = "10.1088/1126-6708/2008/07/054",
      eprint         = "0710.3585",
      archivePrefix  = "arXiv",
      primaryClass   = "hep-ph",
      SLACcitation   = "%%CITATION = ARXIV:0710.3585;%%"
}


%% ATLANTIS
@misc{atlantis,
      howpublished={\url{http://atlantis.web.cern.ch/atlantis/}}
}

%ATLAS GGM searches

@article{diph_8TeV,
 collaboration = "ATLAS",
     title     = "{Search for photonic signatures of gauge-mediated
                  supersymmetry in 8 TeV $pp$ collisions
                  with the ATLAS detector}",
     journal   = "Phys. Rev. D",
     volume    = "92",
     year      = "2015",
     pages     = "072001",
     eprint    = "1507.05493",
     archivePrefix = "arXiv",
     primaryClass  =  "hep-ex",
     SLACcitation  = "%%CITATION = 1209.0753;%%"
}

@article{Aad:2012xx,
 collaboration = "ATLAS",
     title     = "{Search for Diphoton Events with Large Missing Transverse
                  Momentum in 7 TeV Proton-Proton Collision Data
                  with the ATLAS Detector}",
     journal   = "Phys. Lett. B",
     volume    = "718",
     year      = "2012",
     pages     = "411-430",
     eprint    = "1209.0753",
     archivePrefix = "arXiv",
     primaryClass  =  "hep-ex",
     SLACcitation  = "%%CITATION = 1209.0753;%%"
}

@article{Aad:2011zj,
      author         = "{ATLAS Collaboration}",
      title          = "{Search for Diphoton Events with Large Missing Transverse
                        Momentum in 1 fb$^{-1}$ of 7 TeV Proton-Proton Collision Data
                        with the ATLAS Detector}",
      journal        = "Phys. Lett. B",
      volume         = "710",
      pages          = "519-537",
      doi            = "10.1016/j.physletb.2012.02.054",
      year           = "2012",
      eprint         = "1111.4116",
      archivePrefix  = "arXiv",
      primaryClass   = "hep-ex",
      reportNumber   = "CERN-PH-EP-2011-160",
      SLACcitation   = "%%CITATION = ARXIV:1111.4116;%%",
}


@article{Aad:2015baa,
      author         = "Aad, Georges and others",
      title          = "{Summary of the ATLAS experiment’s sensitivity to
                        supersymmetry after LHC Run 1 — interpreted in the
                        phenomenological MSSM}",
      collaboration  = "ATLAS",
      journal        = "JHEP",
      volume         = "10",
      year           = "2015",
      pages          = "134",
      doi            = "10.1007/JHEP10(2015)134",
      eprint         = "1508.06608",
      archivePrefix  = "arXiv",
      primaryClass   = "hep-ex",
      reportNumber   = "CERN-PH-EP-2015-214",
      SLACcitation   = "%%CITATION = ARXIV:1508.06608;%%"
}

@techreport{Jinnouchi:2233741,
      author        = "Jinnouchi, Osamu and Manzoni, Stefano and Reece, Ryan and
                       Schumm, Bruce",
      title         = "{Search for a strongly- and weakly-produced GMSB
                       signatures in the diphoton and
                       ${E_{\mathrm{T}}^{\mathrm{miss}}}$ final state with
                       $\sqrt{s}=13$ TeV $pp$ collisions at the LHC using the
                       ATLAS detector}",
      institution   = "CERN",
      address       = "Geneva",
      number        = "ATL-COM-PHYS-2016-1683",
      month         = "Nov",
      year          = "2016",
      reportNumber  = "ATL-COM-PHYS-2016-1683",
      url           = "https://cds.cern.ch/record/2233741",
}



%ATLAS
@article{Aad:2008zzm,
      author         = "Aad, G. and others",
      title          = "{The ATLAS Experiment at the CERN Large Hadron Collider}",
      collaboration  = "ATLAS Collaboration",
      journal        = "JINST",
      volume         = "3",
      pages          = "S08003",
      doi            = "10.1088/1748-0221/3/08/S08003",
      year           = "2008",
}



% LUMI determination

% TRIGGER
@techreport{Pasztor:2034866,
      author        = "Pasztor, Gabriella and White, Ryan and Monticelli,
                       Fernando and Hoya, Joaquin and Wahlberg, Hernan",
      title         = "{Photon trigger performance in 2015 ATLAS data}",
      institution   = "CERN",
      address       = "Geneva",
      number        = "ATL-COM-DAQ-2015-101",
      month         = "Jul",
      year          = "2015",
      reportNumber  = "ATL-COM-DAQ-2015-101",
      url           = "https://cds.cern.ch/record/2034866",
      note          = "For upcoming conferences: EPS, DPF and LISHEP.",
}

%GEANT 4
%article{Agostinelli2003250,
@article{Geant4,
      author         = "Agostinelli, S. and others",
      title          = "{GEANT4: A Simulation toolkit}",
      collaboration  = "GEANT4",
      journal        = "Nucl. Instrum. Meth. A",
      volume         = "506",
      year           = "2003",
      pages          = "250-303",
      doi            = "10.1016/S0168-9002(03)01368-8",
      reportNumber   = "SLAC-PUB-9350, FERMILAB-PUB-03-339",
      SLACcitation   = "%%CITATION = NUIMA,A506,250;%%"
}


%ATLAS simulation
@article{AtlasSim,
year={2010},
issn={1434-6044},
journal={The European Physical Journal C},
volume={70},
number={3},
doi={10.1140/epjc/s10052-010-1429-9},
title={The ATLAS Simulation Infrastructure},
publisher={Springer-Verlag},
author={ATLAS Collaboration},
pages={823-874},
language={English}
}

%SUSPECT
@article{Djouadi2007426,
title = "SuSpect: A Fortran code for the Supersymmetric and Higgs particle spectrum in the \{MSSM\} ",
journal = "Computer Physics Communications ",
volume = "176",
number = "6",
pages = "426 - 455",
year = "2007",
note = "",
issn = "0010-4655",
doi = "http://dx.doi.org/10.1016/j.cpc.2006.11.009",
author = "Abdelhak Djouadi and Jean-Loïc Kneur and Gilbert Moultaka",
keywords = "Supersymmetry",
keywords = "Renormalization group equations",
keywords = "Loop calculations "
}
%url = "http://www.sciencedirect.com/science/article/pii/S001046550600419X",


%HDECAY
@article{Djouadi:1997yw,
      author         = "Djouadi, A. and Kalinowski, J. and Spira, M.",
      title          = "{HDECAY: A Program for Higgs boson decays in the standard
                        model and its supersymmetric extension}",
      journal        = "Comput.Phys.Commun.",
      volume         = "108",
      pages          = "56-74",
      doi            = "10.1016/S0010-4655(97)00123-9",
      year           = "1998",
      eprint         = "hep-ph/9704448",
      archivePrefix  = "arXiv",
      primaryClass   = "hep-ph",
      reportNumber   = "DESY-97-079, IFT-96-29, PM-97-04",
      SLACcitation   = "%%CITATION = HEP-PH/9704448;%%",
}

%SDECAY
@article{Muhlleitner:2004mka,
      author         = "Muhlleitner, M.",
      title          = "{SDECAY: A Fortran code for SUSY particle decays in the
                        MSSM}",
      journal        = "Acta Phys.Polon.",
      volume         = "B35",
      pages          = "2753-2766",
      year           = "2004",
      eprint         = "hep-ph/0409200",
      archivePrefix  = "arXiv",
      primaryClass   = "hep-ph",
      reportNumber   = "PSI-PR-04-10",
      SLACcitation   = "%%CITATION = HEP-PH/0409200;%%",
}

%SUSYHIT
@article{Djouadi:2006bz,
      author         = "Djouadi, A. and Muhlleitner, M.M. and Spira, M.",
      title          = "{Decays of supersymmetric particles: The Program SUSY-HIT
                        (SUspect-SdecaY-Hdecay-InTerface)}",
      journal        = "Acta Phys.Polon.",
      volume         = "B38",
      pages          = "635-644",
      year           = "2007",
      eprint         = "hep-ph/0609292",
      archivePrefix  = "arXiv",
      primaryClass   = "hep-ph",
      reportNumber   = "CERN-PH-TH-2006-200",
      SLACcitation   = "%%CITATION = HEP-PH/0609292;%%",
}

%HERWIG++
@article{Bahr:2008pv,
      author         = "Bahr, M. and Gieseke, S. and Gigg, M.A. and Grellscheid,
                        D. and Hamilton, K. and others",
      title          = "{Herwig++ Physics and Manual}",
      journal        = "Eur.Phys.J.",
      volume         = "C58",
      pages          = "639-707",
      doi            = "10.1140/epjc/s10052-008-0798-9",
      year           = "2008",
      eprint         = "0803.0883",
      archivePrefix  = "arXiv",
      primaryClass   = "hep-ph",
      reportNumber   = "CERN-PH-TH-2008-038, CAVENDISH-HEP-08-03, KA-TP-05-2008,
                        DCPT-08-22, IPPP-08-11, CP3-08-05",
 }

%PYTHIA
@Article{pythia,
     author    = "Sjostrand, Torbjorn and Mrenna, Stephen and Skands, Peter",
     title     = "{PYTHIA 6.4 physics and manual}",
     journal   = "JHEP",
     volume    = "05",
     year      = "2006",
     pages     = "026",
     eprint    = "hep-ph/0603175",
     archivePrefix = "arXiv",
     SLACcitation  = "%%CITATION = HEP-PH/0603175;%%"
}

@article{pythia8,
      author         = "Sjostrand, Torbjorn and Mrenna, Stephen and Skands, Peter
                        Z.",
      title          = "{A Brief Introduction to PYTHIA 8.1}",
      journal        = "Comput.Phys.Commun.",
      volume         = "178",
      pages          = "852-867",
      doi            = "10.1016/j.cpc.2008.01.036",
      year           = "2008",
      eprint         = "0710.3820",
      archivePrefix  = "arXiv",
      primaryClass   = "hep-ph",
      reportNumber   = "CERN-LCGAPP-2007-04, LU-TP-07-28,
                        FERMILAB-PUB-07-512-CD-T",
      SLACcitation   = "%%CITATION = ARXIV:0710.3820;%%",
}

%powheg
@article{Nason:2004rx,
      author         = "Nason, Paolo",
      title          = "{A New method for combining NLO QCD with shower Monte
                        Carlo algorithms}",
      journal        = "JHEP",
      volume         = "0411",
      pages          = "040",
      doi            = "10.1088/1126-6708/2004/11/040",
      year           = "2004",
      eprint         = "hep-ph/0409146",
      archivePrefix  = "arXiv",
      primaryClass   = "hep-ph",
      reportNumber   = "BICOCCA-FT-04-11",
      SLACcitation   = "%%CITATION = HEP-PH/0409146;%%",
}
@article{Frixione:2007vw,
      author         = "Frixione, Stefano and Nason, Paolo and Oleari, Carlo",
      title          = "{Matching NLO QCD computations with Parton Shower
                        simulations: the POWHEG method}",
      journal        = "JHEP",
      volume         = "0711",
      pages          = "070",
      doi            = "10.1088/1126-6708/2007/11/070",
      year           = "2007",
      eprint         = "0709.2092",
      archivePrefix  = "arXiv",
      primaryClass   = "hep-ph",
      reportNumber   = "BICOCCA-FT-07-9, GEF-TH-21-2007",
      SLACcitation   = "%%CITATION = ARXIV:0709.2092;%%",
}
@article{Alioli:2010xd,
      author         = "Alioli, Simone and Nason, Paolo and Oleari, Carlo and Re,
                        Emanuele",
      title          = "{A general framework for implementing NLO calculations in
                        shower Monte Carlo programs: the POWHEG BOX}",
      journal        = "JHEP",
      volume         = "1006",
      pages          = "043",
      doi            = "10.1007/JHEP06(2010)043",
      year           = "2010",
      eprint         = "1002.2581",
      archivePrefix  = "arXiv",
      primaryClass   = "hep-ph",
      reportNumber   = "DESY-10-018, SFB-CPP-10-22, IPPP-10-11, DCPT-10-22",
      SLACcitation   = "%%CITATION = ARXIV:1002.2581;%%",
}

%General references for the cross section calculation procedure
@article{Kramer:2012bx,
      author         = "Kramer, Michael and Kulesza, Anna and van der Leeuw,
                        Robin and Mangano, Michelangelo and Padhi, Sanjay and
                        others",
      title          = "{Supersymmetry production cross sections in pp collisions
                        at $\sqrt{s} = 7$~TeV}",
      year           = "2012",
      eprint         = "1206.2892",
      archivePrefix  = "arXiv",
      primaryClass   = "hep-ph",
      reportNumber   = "CERN-PH-TH-2012-163",
      SLACcitation   = "%%CITATION = ARXIV:1206.2892;%%",
}

% SUSYSignal
@misc{SUSYsigunc,
      howpublished={{https://twiki.cern.ch/twiki/bin/view/AtlasProtected/SUSYSignalUncertainties}}
}

% Prospino
@article{Beenakker:1996ed,
      author         = "Beenakker, W. and Hopker, R. and Spira, M.",
      title          = "{PROSPINO: A Program for the production of supersymmetric
                        particles in next-to-leading order QCD}",
      year           = "1996",
      eprint         = "hep-ph/9611232",
      archivePrefix  = "arXiv",
      primaryClass   = "hep-ph",
      SLACcitation   = "%%CITATION = HEP-PH/9611232;%%",
}

% gluino production NLO+NLL cross sections
@article{Beenakker:1996ch,
      author         = "Beenakker, W. and Hopker, R. and Spira, M. and Zerwas,
                        P.M.",
      title          = "{Squark and gluino production at hadron colliders}",
      journal        = "Nucl. Phys. B",
      volume         = "492",
      pages          = "51-103",
      doi            = "10.1016/S0550-3213(97)00084-9",
      year           = "1997",
      eprint         = "hep-ph/9610490",
      archivePrefix  = "arXiv",
      primaryClass   = "hep-ph",
      reportNumber   = "DESY-96-150, CERN-TH-96-215",
      SLACcitation   = "%%CITATION = HEP-PH/9610490;%%",
}

@article{Kulesza:2008jb,
      author         = "Kulesza, A. and Motyka, L.",
      title          = "{Threshold resummation for squark-antisquark and
                        gluino-pair production at the LHC}",
      journal        = "Phys. Rev. Lett.",
      volume         = "102",
      pages          = "111802",
      doi            = "10.1103/PhysRevLett.102.111802",
      year           = "2009",
      eprint         = "0807.2405",
      archivePrefix  = "arXiv",
      primaryClass   = "hep-ph",
      reportNumber   = "DESY-08-096",
      SLACcitation   = "%%CITATION = ARXIV:0807.2405;%%",
}


@article{Kulesza:2009kq,
      author         = "Kulesza, A. and Motyka, L.",
      title          = "{Soft gluon resummation for the production of
                        gluino-gluino and squark-antisquark pairs at the LHC}",
      journal        = "Phys. Rev. D",
      volume         = "80",
      pages          = "095004",
      doi            = "10.1103/PhysRevD.80.095004",
      year           = "2009",
      eprint         = "0905.4749",
      archivePrefix  = "arXiv",
      primaryClass   = "hep-ph",
      reportNumber   = "DESY-09-078, PITHA-09-11",
      SLACcitation   = "%%CITATION = ARXIV:0905.4749;%%",
}

@article{Beenakker:2009ha,
      author         = "Beenakker, Wim and Brensing, Silja and Kramer, Michael
                        and Kulesza, Anna and Laenen, Eric and others",
      title          = "{Soft-gluon resummation for squark and gluino
                        hadroproduction}",
      journal        = "JHEP",
      volume         = "0912",
      pages          = "041",
      doi            = "10.1088/1126-6708/2009/12/041",
      year           = "2009",
      eprint         = "0909.4418",
      archivePrefix  = "arXiv",
      primaryClass   = "hep-ph",
      reportNumber   = "ITP-UU-09-33, NIKHEF-2009-015",
      SLACcitation   = "%%CITATION = ARXIV:0909.4418;%%",
}

@article{Beenakker:2011fu,
      author         = "Beenakker, W. and Brensing, S. and Kramer, M. and
                        Kulesza, A. and Laenen, E. and others",
      title          = "{Squark and gluino hadroproduction}",
      journal        = "Int. J. Mod. Phys. A",
      volume         = "26",
      pages          = "2637-2664",
      doi            = "10.1142/S0217751X11053560",
      year           = "2011",
      eprint         = "1105.1110",
      archivePrefix  = "arXiv",
      primaryClass   = "hep-ph",
      reportNumber   = "DESY-11-060, ITFA-11-09, ITP-UU-11-13, NIKHEF-2011-011,
                        TTK-11-12",
      SLACcitation   = "%%CITATION = ARXIV:1105.1110;%%",
}

@article{Beenakker:1999xh,
      author         = "Beenakker, W. and others",
      title          = "{The Production of charginos/neutralinos and sleptons
                        at hadron colliders}",
      journal        = "Phys. Rev. Lett.",
      volume         = "83",
      pages          = "3780",
      doi            = "10.1103/PhysRevLett.100.029901,
                        10.1103/PhysRevLett.83.3780",
      year           = "1999",
      eprint         = "hep-ph/9906298",
      archivePrefix  = "arXiv",
      primaryClass   = "hep-ph",
      reportNumber   = "CERN-TH-99-159, DESY-99-055, DTP-99-44, MADPH-99-1114,
                        ANL-HEP-PR-99-71",
      SLACcitation   = "%%CITATION = HEP-PH/9906298;%%",
}

%CTEQ
 @article{Nadolsky:2008zw,
        author = {Pavel, M. and others},
        journal        = "Phys. Rev.",
        volume         = "D78",
        pages          = "013004",
        title  ={Implications of CTEQ global analysis for collider observation},
        year = "2008",
       eprint         = "0802.0007",
       archivePrefix  = "arXiv",
     primaryClass   = "hep-ph"
}

%MSTW
@article{Martin:2009iq,
      author         = "Martin, A.D. and Stirling, W.J. and Thorne, R.S. and
                        Watt, G.",
      title          = "{Parton distributions for the LHC}",
      journal        = "Eur.Phys.J.",
      volume         = "C63",
      pages          = "189-285",
      doi            = "10.1140/epjc/s10052-009-1072-5",
      year           = "2009",
      eprint         = "0901.0002",
      archivePrefix  = "arXiv",
      primaryClass   = "hep-ph",
      reportNumber   = "IPPP-08-95, DCPT-08-190, CAVENDISH-HEP-08-16",
      SLACcitation   = "%%CITATION = ARXIV:0901.0002;%%",
}

%Higgs mass in SUSY
% 32-36 from tau note
@article{Craig:2011yk,
      author         = "Craig, Nathaniel and Green, Daniel and Katz, Andrey",
      title          = "{(De)Constructing a Natural and Flavorful Supersymmetric
                        Standard Model}",
      journal        = "JHEP",
      volume         = "1107",
      pages          = "045",
      doi            = "10.1007/JHEP07(2011)045",
      year           = "2011",
      eprint         = "1103.3708",
      archivePrefix  = "arXiv",
      primaryClass   = "hep-ph",
      reportNumber   = "UMD-PP-11-002, RUNHETC-2011-06",
      SLACcitation   = "%%CITATION = ARXIV:1103.3708;%%",
}

@article{Auzzi:2011eu,
      author         = "Auzzi, Roberto and Giveon, Amit and Gudnason, Sven
                        Bjarke",
      title          = "{Flavor of quiver-like realizations of effective
                        supersymmetry}",
      journal        = "JHEP",
      volume         = "1202",
      pages          = "069",
      doi            = "10.1007/JHEP02(2012)069",
      year           = "2012",
      eprint         = "1112.6261",
      archivePrefix  = "arXiv",
      primaryClass   = "hep-ph",
      SLACcitation   = "%%CITATION = ARXIV:1112.6261;%%",
}

@article{Csaki:2012fh,
      author         = "Csaki, Csaba and Randall, Lisa and Terning, John",
      title          = "{Light Stops from Seiberg Duality}",
      journal        = "Phys.Rev.",
      volume         = "D86",
      pages          = "075009",
      doi            = "10.1103/PhysRevD.86.075009",
      year           = "2012",
      eprint         = "1201.1293",
      archivePrefix  = "arXiv",
      primaryClass   = "hep-ph",
      SLACcitation   = "%%CITATION = ARXIV:1201.1293;%%",
}

@article{Larsen:2012rq,
      author         = "Larsen, Grant and Nomura, Yasunori and Roberts, Hannes
                        L.L.",
      title          = "{Supersymmetry with Light Stops}",
      journal        = "JHEP",
      volume         = "1206",
      pages          = "032",
      doi            = "10.1007/JHEP06(2012)032",
      year           = "2012",
      eprint         = "1202.6339",
      archivePrefix  = "arXiv",
      primaryClass   = "hep-ph",
      reportNumber   = "UCB-PTH-12-03",
      SLACcitation   = "%%CITATION = ARXIV:1202.6339;%%",
}

@article{Craig:2012hc,
      author         = "Craig, Nathaniel and Dimopoulos, Savas and Gherghetta,
                        Tony",
      title          = "{Split families unified}",
      journal        = "JHEP",
      volume         = "1204",
      pages          = "116",
      doi            = "10.1007/JHEP04(2012)116",
      year           = "2012",
      eprint         = "1203.0572",
      archivePrefix  = "arXiv",
      primaryClass   = "hep-ph",
      SLACcitation   = "%%CITATION = ARXIV:1203.0572;%%",
}


%diphoton


@article{ATLASCollaboration:2016wlb,
      author         = "{ATLAS Collaboration}",
      title          = "{Search for supersymmetry in a final state containing two
                        photons and missing transverse momentum in $\sqrt{s}$ = 13
                        TeV $pp$ collisions at the LHC using the ATLAS detector}",
      collaboration  = "ATLAS",
      year           = "2016",
      eprint         = "1606.09150",
      archivePrefix  = "arXiv",
      primaryClass   = "hep-ex",
      reportNumber   = "CERN-EP-2016-146",
      SLACcitation   = "%%CITATION = ARXIV:1606.09150;%%"
}


@article{Aad:2011kz,
      author         = "Aad, Georges and others",
      title          = "{Search for Diphoton Events with Large Missing Transverse
                        Energy with 36 pb$^{-1}$ of 7 TeV Proton-Proton Collision
                        Data with the ATLAS Detector}",
      collaboration  = "ATLAS",
      journal        = "Eur.Phys.J.C",
      volume         = "71",
      pages          = "1744",
      doi            = "10.1140/epjc/s10052-011-1744-9",
      year           = "2011",
      eprint         = "1107.0561",
      archivePrefix  = "arXiv",
      primaryClass   = "hep-ex",
      reportNumber   = "CERN-PH-EP-2011-091",
      SLACcitation   = "%%CITATION = ARXIV:1107.0561;%%",
}


@techreport{Carminati:2147520,
      author        = "Carminati, Leonardo and Jinnouchi, Osamu and Manzoni,
                       Stefano and Marchiori, Giovanni and Orthen, Tobias and
                       Reece, Ryan and Schumm, Bruce and Zecchinelli, Angelo
                       Giacomo",
      title         = "{Search for a diphoton and MET final state in sqrt(s) = 13
                       TeV pp collisions at the LHC using the ATLAS detector}",
      institution   = "CERN",
      address       = "Geneva",
      number        = "ATL-COM-PHYS-2016-359",
      month         = "Apr",
      year          = "2016",
      reportNumber  = "ATL-COM-PHYS-2016-359",
      url           = "https://cds.cern.ch/record/2147520",
}


@techreport{Carminati:2051527,
      author        = "Carminati, Leonardo and Jinnouchi, Osamu and Manzoni,
                       Stefano and Marchiori, Giovanni and Orthen, Tobias and
                       Reece, Ryan and Schumm, Bruce and Zecchinelli, Angelo
                       Giacomo",
      title         = "{Search for a diphoton and
                       ${E_{\mathrm{T}}^{\mathrm{miss}}}$ final state in
                       $\sqrt{s}=13$ TeV $pp$ collisions at the LHC using the
                       ATLAS detector}",
      institution   = "CERN",
      address       = "Geneva",
      number        = "ATL-COM-PHYS-2015-1136",
      month         = "Sep",
      year          = "2015",
      reportNumber  = "ATL-COM-PHYS-2015-1136",
      url           = "https://cds.cern.ch/record/2051527",
}



%ALPGEN
@Article{alpgen,
     author    = "Mangano M. and others",
     title     = "{ALPGEN}, a generator for hard multiparton processes in
                  hadronic  collisions",
     journal   = "JHEP",
     volume    = "07",
     year      = "2003",
     pages     = "001",
     eprint    = "hep-ph/0206293",
     archivePrefix = "arXiv",
     SLACcitation  = "%%CITATION = HEP-PH/0206293;%%"
}

%SHERPA
@Article{SherpaGen,
     author    = "Gleisberg, T. and others",
     title     = "{Event Generation With SHERPA 1.1}",
     journal   = "JHEP",
     volume    = "0910",
     year      = "2009",
     pages     = "007",
     eprint    = "0811.4622",
     archivePrefix = "arXiv",
     primaryClass  =  "hep-ph",
     doi       = "10.1088/1126-6708/2009/02/007",
     SLACcitation  = "%%CITATION = 0811.4622;%%"
}

%FEWZ program
@Article{Anastasiou:2003ds,
     author    = "Anastasiou, Charalampos and Dixon, Lance J. and Melnikov,
                  Kirill and Petriello, Frank",
     title     = "{High precision QCD at hadron colliders: Electroweak gauge
                  boson rapidity distributions at NNLO}",
     journal   = "Phys. Rev.",
     volume    = "D69",
     year      = "2004",
     pages     = "094008",
     eprint    = "hep-ph/0312266",
     archivePrefix = "arXiv",
     doi       = "10.1103/PhysRevD.69.094008",
     SLACcitation  = "%%CITATION = HEP-PH/0312266;%%"
}

%Photos
@article{photos,
      author         = "Golonka, Piotr and Was, Zbigniew",
      title          = "{PHOTOS Monte Carlo: A Precision tool for QED corrections
                        in $Z$ and $W$ decays}",
      journal        = "Eur.Phys.J.",
      volume         = "C45",
      pages          = "97-107",
      doi            = "10.1140/epjc/s2005-02396-4",
      year           = "2006",
      eprint         = "hep-ph/0506026",
      archivePrefix  = "arXiv",
      primaryClass   = "hep-ph",
      reportNumber   = "IFJPAN-V-05-01, CERN-PH-TH-2005-091",
      SLACcitation   = "%%CITATION = HEP-PH/0506026;%%",
}

%Comix
%@article{1126-6708-2008-12-039,
%  author={Tanju Gleisberg and Stefan Höche},
%  title={Comix, a new matrix element generator},
%  journal={Journal of High Energy Physics},
%  volume={2008},
%  number={12},
%  pages={039},
%  url={http://stacks.iop.org/1126-6708/2008/i=12/a=039},
%  year={2008},
%}

@article{Gleisberg:2008fv,
      author         = "Gleisberg, Tanju and Hoeche, Stefan",
      title          = "{Comix, a new matrix element generator}",
      journal        = "JHEP",
      volume         = "12",
      year           = "2008",
      pages          = "039",
      doi            = "10.1088/1126-6708/2008/12/039",
      eprint         = "0808.3674",
      archivePrefix  = "arXiv",
      primaryClass   = "hep-ph",
      reportNumber   = "SLAC-PUB-13232, IPPP-08-31, DCPT-08-62, MCNET-08-08",
      SLACcitation   = "%%CITATION = ARXIV:0808.3674;%%"
}

%OpenLoops

@article{Cascioli:2011va,
      author         = "Cascioli, Fabio and Maierhofer, Philipp and Pozzorini,
                        Stefano",
      title          = "{Scattering Amplitudes with Open Loops}",
      journal        = "Phys. Rev. Lett.",
      volume         = "108",
      year           = "2012",
      pages          = "111601",
      doi            = "10.1103/PhysRevLett.108.111601",
      eprint         = "1111.5206",
      archivePrefix  = "arXiv",
      primaryClass   = "hep-ph",
      reportNumber   = "ZU-TH-23-11, LPN11-66",
      SLACcitation   = "%%CITATION = ARXIV:1111.5206;%%"
}
% OpenLoops 2
@article{Buccioni:2019sur,
    author = "Buccioni, Federico and Lang, Jean-Nicolas and Lindert, Jonas M. and Maierh{\"o}fer, Philipp and Pozzorini, Stefano and Zhang, Hantian and Zoller, Max F.",
    title = "{OpenLoops 2}",
    eprint = "1907.13071",
    archivePrefix = "arXiv",
    primaryClass = "hep-ph",
    reportNumber = "IPPP/19/62, FR-PHENO-2019-12, PSI-PR-19-15, ZU-TH 37/19",
    doi = "10.1140/epjc/s10052-019-7306-2",
    journal = "Eur. Phys. J. C",
    volume = "79",
    number = "10",
    pages = "866",
    year = "2019"
}

% Collier
@article{Denner:2016kdg,
      author         = "Denner, Ansgar and Dittmaier, Stefan and Hofer, Lars",
      title          = "{Collier: A fortran-based complex one-loop library in
                        extended regularizations}",
      journal        = "Comput. Phys. Commun.",
      volume         = "212",
      year           = "2017",
      pages          = "220-238",
      doi            = "10.1016/j.cpc.2016.10.013",
      eprint         = "1604.06792",
      archivePrefix  = "arXiv",
      primaryClass   = "hep-ph",
      reportNumber   = "FR-PHENO-2016-003, ICCUB-16-016",
      SLACcitation   = "%%CITATION = ARXIV:1604.06792;%%"
}



%@article{PhysRevLett.108.111601,
%  title = {Scattering Amplitudes with Open Loops},
%  author = {Cascioli, F. and Maierh\"ofer, P. and Pozzorini, S.},
%  journal = {Phys. Rev. Lett.},
%  volume = {108},
%  issue = {11},
%  pages = {111601},
%  numpages = {5},
%  year = {2012},
%  month = {Mar},
%  publisher = {American Physical Society},
%  doi = {10.1103/PhysRevLett.108.111601},
%  url = {http://link.aps.org/doi/10.1103/PhysRevLett.108.111601}
%}

%Sherpa parton shower

@article{Schumann:2007mg,
      author         = "Schumann, Steffen and Krauss, Frank",
      title          = "{A Parton shower algorithm based on Catani-Seymour dipole
                        factorisation}",
      journal        = "JHEP",
      volume         = "0803",
      year           = "2008",
      pages          = "038",
      doi            = "10.1088/1126-6708/2008/03/038",
      eprint         = "0709.1027",
      archivePrefix  = "arXiv",
      primaryClass   = "hep-ph",
      reportNumber   = "DCPT-07-86, IPPP-07-43",
      SLACcitation   = "%%CITATION = ARXIV:0709.1027;%%"
}


%@article{1126-6708-2008-03-038,
%  author={S. Schumann and F. Krauss},
%  title={A parton shower algorithm based on Catani-Seymour dipole factorisation},
%  journal={Journal of High Energy Physics},
%  volume={2008},
%  number={03},
%  pages={038},
%  url={http://stacks.iop.org/1126-6708/2008/i=03/a=038},
%  year={2008},
% }

%ME+PSNLO

@article{Hoeche:2012yf,
      author         = "Hoeche, Stefan and Krauss, Frank and Schonherr, Marek and
                        Siegert, Frank",
      title          = "{QCD matrix elements + parton showers: The NLO case}",
      journal        = "JHEP",
      volume         = "1304",
      year           = "2013",
      pages          = "027",
      doi            = "10.1007/JHEP04(2013)027",
      eprint         = "1207.5030",
      archivePrefix  = "arXiv",
      primaryClass   = "hep-ph",
      reportNumber   = "SLAC-PUB-15191, IPPP-12-52, DCPT-12-104, LPN12-081,
                        FR-PHENO-2012-017, MCNET-12-09, --FR-PHENO-2012-017",
      SLACcitation   = "%%CITATION = ARXIV:1207.5030;%%"
}

@article{Hoeche:2009rj,
      author         = "H{\"o}che, Stefan and Krauss, Frank and Schumann, Steffen
                        and Siegert, Frank",
      title          = "{QCD matrix elements and truncated showers}",
      journal        = "JHEP",
      volume         = "05",
      pages          = "053",
      doi            = "10.1088/1126-6708/2009/05/053",
      year           = "2009",
      eprint         = "0903.1219",
      archivePrefix  = "arXiv",
      primaryClass   = "hep-ph",
}

@article{Ball:2014uwa,
      author         = "{NNPDF Collaboration, R. D. Ball et al.}",
      title          = "{Parton distributions for the LHC Run II}",
      collaboration  = "NNPDF",
      journal        = "JHEP",
      volume         = "04",
      year           = "2015",
      pages          = "040",
      doi            = "10.1007/JHEP04(2015)040",
      eprint         = "1410.8849",
      archivePrefix  = "arXiv",
      primaryClass   = "hep-ph",
      reportNumber   = "EDINBURGH-2014-15, IFUM-1034-FT, CERN-PH-TH-2013-253,
                        OUTP-14-11P, CAVENDISH-HEP-14-11",
      SLACcitation   = "%%CITATION = ARXIV:1410.8849;%%"
}

%@article{me_psnlo,
%year={2013},
%journal={Journal of High Energy Physics},
%eid={27},
%volume={2013},
%number={4},
%doi={10.1007/JHEP04(2013)027},
%title={QCD matrix elements + parton showers. The NLO case},
%url={http://dx.doi.org/10.1007/JHEP04%282013%29027},
%publisher={Springer Berlin Heidelberg},
%keywords={Monte Carlo Simulations; NLO Computations},
%author={Höche, Stefan and Krauss, Frank and Schönherr, Marek and Siegert, Frank},
%language={English}
%}

%ct10 pdf

@article{Lai:2010vv,
      author         = "Lai, Hung-Liang and Guzzi, Marco and Huston, Joey and Li,
                        Zhao and Nadolsky, Pavel M. and Pumplin, Jon and Yuan, C.
                        -P.",
      title          = "{New parton distributions for collider physics}",
      journal        = "Phys. Rev. D",
      volume         = "82",
      year           = "2010",
      pages          = "074024",
      doi            = "10.1103/PhysRevD.82.074024",
      eprint         = "1007.2241",
      archivePrefix  = "arXiv",
      primaryClass   = "hep-ph",
      reportNumber   = "MSUHEP-100707, SMU-HEP-10-10",
      SLACcitation   = "%%CITATION = ARXIV:1007.2241;%%"
}

@article{PhysRevD.82.074024,
  title = {New parton distributions for collider physics},
  author = {Lai, Hung-Liang and Guzzi, Marco and Huston, Joey and Li, Zhao and Nadolsky, Pavel M. and Pumplin, Jon and Yuan, C.-P.},
  journal = {Phys. Rev. D},
  volume = {82},
  issue = {7},
  pages = {074024},
  numpages = {24},
  year = {2010},
  month = {Oct},
  publisher = {American Physical Society},
  doi = {10.1103/PhysRevD.82.074024},
  url = {http://link.aps.org/doi/10.1103/PhysRevD.82.074024}
}

%Powheg-Box v2
@article{Powheg-Box_v2,
year={2010},
journal={Journal of High Energy Physics},
eid={43},
volume={2010},
number={6},
doi={10.1007/JHEP06(2010)043},
title={A general framework for implementing NLO calculations in shower Monte Carlo programs: the POWHEG BOX},
url={http://dx.doi.org/10.1007/JHEP06%282010%29043},
publisher={Springer-Verlag},
keywords={NLO Computations; Hadronic Colliders; QCD},
author={Alioli, Simone and Nason, Paolo and Oleari, Carlo and Re, Emanuele},
language={English}
}



%tauola (Davidson:2010rw)
@article{tauola,
      author         = "Davidson, N. and Nanava, G. and Przedzinski, T. and
                        Richter-Was, E. and Was, Z.",
      title          = "{Universal Interface of TAUOLA Technical and Physics
                        Documentation}",
      journal        = "Comput.Phys.Commun.",
      volume         = "183",
      pages          = "821-843",
      doi            = "10.1016/j.cpc.2011.12.009",
      year           = "2012",
      eprint         = "1002.0543",
      archivePrefix  = "arXiv",
      primaryClass   = "hep-ph",
      reportNumber   = "IFJPAN-IV-2009-10",
      SLACcitation   = "%%CITATION = ARXIV:1002.0543;%%",
}

%Whizard
@article{whizard,
      author         = "Kilian, Wolfgang and Ohl, Thorsten and Reuter, Jurgen",
      title          = "{WHIZARD: Simulating Multi-Particle Processes at LHC and
                        ILC}",
      journal        = "Eur.Phys.J.",
      volume         = "C71",
      pages          = "1742",
      doi            = "10.1140/epjc/s10052-011-1742-y",
      year           = "2011",
      eprint         = "0708.4233",
      archivePrefix  = "arXiv",
      primaryClass   = "hep-ph",
      reportNumber   = "DESY-11-126, EDINBURGH-2010-36, FR-PHENO-2010-037,
                        SI-HEP-2010-18",
      SLACcitation   = "%%CITATION = ARXIV:0708.4233;%%",
}

@article{whizard2,
      author         = "Moretti, Mauro and Ohl, Thorsten and Reuter, Jurgen",
      title          = "{O'Mega: An Optimizing matrix element generator}",
      year           = "2001",
      eprint         = "hep-ph/0102195",
      archivePrefix  = "arXiv",
      primaryClass   = "hep-ph",
      reportNumber   = "IKDA-2001-06, LC-TOOL-2001-040",
      SLACcitation   = "%%CITATION = HEP-PH/0102195;%%",
}

%HOPPET
@article{hoppet,
      author         = "Salam, Gavin P. and Rojo, Juan",
      title          = "{A Higher Order Perturbative Parton Evolution Toolkit
                        (HOPPET)}",
      journal        = "Comput.Phys.Commun.",
      volume         = "180",
      pages          = "120-156",
      doi            = "10.1016/j.cpc.2008.08.010",
      year           = "2009",
      eprint         = "0804.3755",
      archivePrefix  = "arXiv",
      primaryClass   = "hep-ph",
      SLACcitation   = "%%CITATION = ARXIV:0804.3755;%%",
}

%Acer
@article{acer,
      author         = "Kersevan, Borut Paul and Richter-Was, Elzbieta",
      title          = "{The Monte Carlo event generator AcerMC version 2.0 with
                        interfaces to PYTHIA 6.2 and HERWIG 6.5}",
      year           = "2004",
      eprint         = "hep-ph/0405247",
      archivePrefix  = "arXiv",
      primaryClass   = "hep-ph",
      reportNumber   = "TPJU-6-2004",
      SLACcitation   = "%%CITATION = HEP-PH/0405247;%%",
}


%MADGRAPH
@Article{Alwall:2007st,
     author    = "Alwall, Johan and others",
     title     = "{MadGraph/MadEvent v4: The New Web Generation}",
     journal   = "JHEP",
     volume    = "09",
     year      = "2007",
     pages     = "028",
     eprint    = "0706.2334",
     archivePrefix = "arXiv",
     primaryClass  =  "hep-ph",
     doi       = "10.1088/1126-6708/2007/09/028",
     SLACcitation  = "%%CITATION = 0706.2334;%%"
}

@article{Alwall:2011uj,
      author         = "Alwall, Johan and Herquet, Michel and Maltoni, Fabio and
                        Mattelaer, Olivier and Stelzer, Tim",
      title          = "{MadGraph 5 : Going Beyond}",
      journal        = "JHEP",
      volume         = "1106",
      pages          = "128",
      doi            = "10.1007/JHEP06(2011)128",
      year           = "2011",
      eprint         = "1106.0522",
      archivePrefix  = "arXiv",
      primaryClass   = "hep-ph",
      reportNumber   = "FERMILAB-PUB-11-448-T",
      SLACcitation   = "%%CITATION = ARXIV:1106.0522;%%",
}


@article{Alwall:2014hca,
      author         = "Alwall, J. and Frederix, R. and Frixione, S. and Hirschi,
                        V. and Maltoni, F. and Mattelaer, O. and Shao, H. -S. and
                        Stelzer, T. and Torrielli, P. and Zaro, M.",
      title          = "{The automated computation of tree-level and
                        next-to-leading order differential cross sections, and
                        their matching to parton shower simulations}",
      journal        = "JHEP",
      volume         = "1407",
      year           = "2014",
      pages          = "079",
      doi            = "10.1007/JHEP07(2014)079",
      eprint         = "1405.0301",
      archivePrefix  = "arXiv",
      primaryClass   = "hep-ph",
      reportNumber   = "CERN-PH-TH-2014-064, CP3-14-18, LPN14-066, MCNET-14-09,
                        ZU-TH-14-14",
      SLACcitation   = "%%CITATION = ARXIV:1405.0301;%%"
}


%Pythia

@article{Sjostrand:2014zea,
      author         = "Sjöstrand, Torbjörn and Ask, Stefan and Christiansen,
                        Jesper R. and Corke, Richard and Desai, Nishita and Ilten,
                        Philip and Mrenna, Stephen and Prestel, Stefan and
                        Rasmussen, Christine O. and Skands, Peter Z.",
      title          = "{An Introduction to PYTHIA 8.2}",
      journal        = "Comput. Phys. Commun.",
      volume         = "191",
      year           = "2015",
      pages          = "159-177",
      doi            = "10.1016/j.cpc.2015.01.024",
      eprint         = "1410.3012",
      archivePrefix  = "arXiv",
      primaryClass   = "hep-ph",
      reportNumber   = "LU-TP-14-36, MCNET-14-22, CERN-PH-TH-2014-190,
                        FERMILAB-PUB-14-316-CD, DESY-14-178, SLAC-PUB-16122",
      SLACcitation   = "%%CITATION = ARXIV:1410.3012;%%"
}

@article{Sjostrand2015159,
title = "An introduction to \{PYTHIA\} 8.2 ",
journal = "Computer Physics Communications ",
volume = "191",
number = "",
pages = "159 - 177",
year = "2015",
note = "",
issn = "0010-4655",
doi = "http://dx.doi.org/10.1016/j.cpc.2015.01.024",
url = "http://www.sciencedirect.com/science/article/pii/S0010465515000442",
author = "Torbjörn Sjöstrand and Stefan Ask and Jesper R. Christiansen and Richard Corke and Nishita Desai and Philip Ilten and Stephen Mrenna and Stefan Prestel and Christine O. Rasmussen and Peter Z. Skands",
keywords = "Event generators",
keywords = "Multiparticle production",
keywords = "Matrix elements",
keywords = "Parton showers",
keywords = "Matching and merging",
keywords = "Multiparton interactions",
keywords = "Hadronisation "
}


%%tt+boson
@techreport{Mcfayden:2113264,
      author        = "Mcfayden, Josh and Moreno Llacer, Maria and Narayan,
                       Rohin",
      title         = "{ttbar+boson Monte Carlo for Run2}",
      institution   = "CERN",
      address       = "Geneva",
      number        = "ATL-COM-PHYS-2015-1510",
      month         = "Dec",
      year          = "2015",
      reportNumber  = "ATL-COM-PHYS-2015-1510",
      url           = "https://cds.cern.ch/record/2113264",
}


% Single Top production
@article{Kidonakis:2011wy,
      author         = "Kidonakis, Nikolaos",
      title          = "{Next-to-next-to-leading-order collinear and soft gluon
                        corrections for t-channel single top quark production}",
      journal        = "Phys.Rev.",
      volume         = "D83",
      pages          = "091503",
      doi            = "10.1103/PhysRevD.83.091503",
      year           = "2011",
      eprint         = "1103.2792",
      archivePrefix  = "arXiv",
      primaryClass   = "hep-ph",
      SLACcitation   = "%%CITATION = ARXIV:1103.2792;%%",
}

@article{Kidonakis:2010ux,
      author         = "Kidonakis, Nikolaos",
      title          = "{Two-loop soft anomalous dimensions for single top quark
                        associated production with a W- or H-}",
      journal        = "Phys.Rev.",
      volume         = "D82",
      pages          = "054018",
      doi            = "10.1103/PhysRevD.82.054018",
      year           = "2010",
      eprint         = "1005.4451",
      archivePrefix  = "arXiv",
      primaryClass   = "hep-ph",
      SLACcitation   = "%%CITATION = ARXIV:1005.4451;%%",
}

%Dibosons
@article{Campbell:2011bn,
      author         = "Campbell, John M. and Ellis, R. Keith and Williams,
                        Ciaran",
      title          = "{Vector boson pair production at the LHC}",
      journal        = "JHEP",
      volume         = "1107",
      pages          = "018",
      doi            = "10.1007/JHEP07(2011)018",
      year           = "2011",
      eprint         = "1105.0020",
      archivePrefix  = "arXiv",
      primaryClass   = "hep-ph",
      reportNumber   = "FERMILAB-PUB-11-182-T",
      SLACcitation   = "%%CITATION = ARXIV:1105.0020;%%",
}

%Electron performance
@article{Aad:2011mk,
      author         = "Aad, Georges and others",
      title          = "{Electron performance measurements with the ATLAS
                        detector using the 2010 LHC proton-proton collision data}",
      collaboration  = "ATLAS Collaboration",
      journal        = "Eur.Phys.J.",
      volume         = "C72",
      pages          = "1909",
      doi            = "10.1140/epjc/s10052-012-1909-1",
      year           = "2012",
      eprint         = "1110.3174",
      archivePrefix  = "arXiv",
      primaryClass   = "hep-ex",
      reportNumber   = "CERN-PH-EP-2011-117",
}

%%Jets


@Booklet{ATL-PHYS-PUB-2015-015,
      author        = "{ATLAS Collaboration}",
      title         = "{Jet Calibration and Systematic Uncertainties for Jets
                       Reconstructed in the ATLAS Detector at $\sqrt{s}=13$ TeV}",
      howpublished  = "{ATLAS-PHYS-PUB-2015-015}",
      url           = "https://cds.cern.ch/record/2037613",
      year          = "2015",

}

@techreport{ApplyJetCalibration2015twiki,
  author        = "ATLAS",
  title         = "ApplyJetCalibration2015",
  institution   = "CERN",
  address       = "Geneva",
  year          = "2015",
  url           = "https://twiki.cern.ch/twiki/bin/view/AtlasProtected/ApplyJetCalibration2015",
}


%AntiKt
@article{Cacciari:2008gp,
      author         = "Cacciari, Matteo and Salam, Gavin P. and Soyez, Gregory",
      title          = "{The Anti-$k_t$ jet clustering algorithm}",
      journal        = "JHEP",
      volume         = "0804",
      pages          = "063",
      doi            = "10.1088/1126-6708/2008/04/063",
      year           = "2008",
      eprint         = "0802.1189",
      archivePrefix  = "arXiv",
      primaryClass   = "hep-ph",
      reportNumber   = "LPTHE-07-03",
      url            = "https://cds.cern.ch/record/1099735",
      SLACcitation   = "%%CITATION = ARXIV:0802.1189;%%",
}


@techreport{JetEtmissRecommendationsMC15,
  author        = "ATLAS",
  title         = "JetEtmissRecommendationsMC15",
  institution   = "CERN",
  address       = "Geneva",
  year          = "2015",
  url           = "https://twiki.cern.ch/twiki/bin/view/AtlasProtected/JetEtmissRecommendationsMC15"
}

@techreport{Makovec:2016323,
  author        = "Makovec, Nikola and Tolley, Emma",
  title         = "{Selection of jets produced in proton-proton collisions with the ATLAS detector using 2015 data}",
  institution   = "CERN",
  address       = "Geneva",
  number        = "ATLAS-COM-CONF-2015-024",
  month         = "May",
  year          = "2015",
  reportNumber  = "ATLAS-COM-CONF-2015-024",
  url           = "https://cds.cern.ch/record/2016323",
}


%b-tagging

@Booklet{ATL-PHYS-PUB-2015-022,
      author        = "{ATLAS Collaboration}",
      title         = "{Expected performance of the ATLAS $b$-tagging algorithms
                       in Run-2}",
      howpublished  = "{ATLAS-PHYS-PUB-2015-022}",
      url           = "https://cds.cern.ch/record/2037697",
      year          = "2015",
}

@Booklet{ATL-PHYS-PUB-2015-039,
      author        = "{ATLAS Collaboration}",
      title         = "{Commissioning of the ATLAS $b$-tagging algorithms using
                       $t\bar{t}$ events in early Run-2 data}",
      howpublished  = "{ATLAS-PHYS-PUB-2015-039}",
      url           = "https://cds.cern.ch/record/2047871",
      year          = "2015",
}



@misc{bjetsCalib,
    url={https://twiki.cern.ch/twiki/bin/viewauth/AtlasProtected/BTaggingCalibrationDataInterface}
}

%Overlap removal - harmonisation


@misc{overlap_2017,
    url={https://indico.cern.ch/event/587852/}
}

@techreport{Adams:1743654,
      author        = "Adams, D et al.",
      title         = "{Recommendations of the Physics Objects and Analysis
                       Harmonisation Study Groups 2014}",
      institution   = "CERN",
      address       = "Geneva",
      number        = "ATL-PHYS-INT-2014-018",
      month         = "Jul",
      year          = "2014",
      reportNumber  = "ATL-PHYS-INT-2014-018",
      url           = "https://cds.cern.ch/record/1743654",
}



@techreport{Adams:1700874,
      author        = "Adams, D et al.",
      title         = "{Recommendations of the Physics Objects and Analysis
                       Harmonisation Study Groups 2014}",
      institution   = "CERN",
      address       = "Geneva",
      number        = "ATL-COM-PHYS-2014-451",
      month         = "May",
      year          = "2014",
      reportNumber  = "ATL-COM-PHYS-2014-451",
      url           = "https://cds.cern.ch/record/1700874",
}



%RTn variable paper
@article{PhysRevD.84.055010,
  title = {Event-shape selection cuts for supersymmetry searches at the LHC with 7~TeV energy},
  author = {Guchait, Monoranjan and Sengupta, Dipan},
  journal = {Phys. Rev. D},
  volume = {84},
  pages = {055010},
  year = {2011},
  month = {Sep},
  doi = {10.1103/PhysRevD.84.055010},
  publisher = {American Physical Society}
}

%ttbargamma k-factor
@article{Melnikov:2011ta,
      author         = "Melnikov, Kirill and Schulze, Markus and Scharf, Andreas",
      title          = "{QCD corrections to top quark pair production in
                        association with a photon at hadron colliders}",
      journal        = "Phys.Rev.",
      volume         = "D83",
      pages          = "074013",
      doi            = "10.1103/PhysRevD.83.074013",
      year           = "2011",
      eprint         = "1102.1967",
      archivePrefix  = "arXiv",
      primaryClass   = "hep-ph",
      SLACcitation   = "%%CITATION = ARXIV:1102.1967;%%",
}

%ttH analysis in ATLAS, where the k-factor of ttbargamma was studied in detail
@techreport{tth,
      author        = "HSG1 Group, The",
      title         = "{Search for ttH production in the diphoton channel with
                       20.3 fb-1 of data at 8 TeV}",
      institution   = "CERN",
      address       = "Geneva",
      number        = "ATL-COM-PHYS-2013-866",
      month         = "Jun",
      year          = "2013",
}

%Photon SF
@MISC{photonsf_twiki,
howpublished={\url{https://twiki.cern.ch/twiki/bin/view/AtlasProtected/PhotonEfficiencyCorrection#Note_on_isolation_prescriptions}}
}

%photon ID eff
@Article{Aaboud:2016yuq,
      author         = "{ATLAS Collaboration}",
      title          = "{Measurement of the photon identification efficiencies
                        with the ATLAS detector using LHC Run-1 data}",
      collaboration  = "ATLAS",
      year           = "2016",
      eprint         = "1606.01813",
      archivePrefix  = "arXiv",
      primaryClass   = "hep-ex",
      reportNumber   = "CERN-EP-2016-110",
      SLACcitation   = "%%CITATION = ARXIV:1606.01813;%%"
}


@techreport{ATLAS-CONF-2012-123,
      title         = "{Measurements of the photon identification efficiency with
                       the ATLAS detector using 4.9 fb−1 of pp collision data
                       collected in 2011}",
      institution   = "CERN",
      collaboration = "ATLAS Collaboration",
      address       = "Geneva",
      number        = "ATLAS-CONF-2012-123",
      month         = "Aug",
      year          = "2012",
}

@Booklet{ATLAS-CONF-2016-000,
      author        = "{ATLAS Collaboration}",
      title         = "{Photon identification in 2015 ATLAS data}",
      collaboration = "ATLAS Collaboration",
      howpublished        = "ATLAS-CONF-2016-XXX",
      year          = "2016",
}

%topoclusters
@techreport{Lampl:1099735,
      author        = "Lampl, W. and Laplace, S. and Lelas, D. and Loch, P. and Ma, H.
                       and Menke, S. and Rajagopalan, S. and Rousseau, D. and Snyder,
                       S and Unal, G",
      title         = "{Calorimeter Clustering Algorithms: Description and
                       Performance}",
      institution   = "CERN",
      address       = "Geneva",
      number        = "ATL-LARG-PUB-2008-002. ATL-COM-LARG-2008-003",
      month         = "Apr",
      year          = "2008",
}


@techreport{Collaboration:203208,
      author        = "ATLAS Collaboration",
      title         = "{Search for new phenomena in photon+jet events collected
                       in proton-proton collisions at $\sqrt{s} = 13$ TeV with the
                       ATLAS detector}",
      institution   = "CERN",
      address       = "Geneva",
      number        = "ATL-COM-PHYS-2015-628",
      month         = "Jul",
      year          = "2015",
      reportNumber  = "ATL-COM-PHYS-2015-628",
      url           = "https://cds.cern.ch/record/2032082",
}


%Jet Energy
@article{Aad:2011he,
      author         = "Aad, Georges and others",
      title          = "{Jet energy measurement with the ATLAS detector in
                        proton-proton collisions at $\sqrt{s}=7$ TeV}",
      collaboration  = "ATLAS",
      journal        = "Eur. Phys. J.",
      volume         = "C73",
      year           = "2013",
      number         = "3",
      pages          = "2304",
      doi            = "10.1140/epjc/s10052-013-2304-2",
      eprint         = "1112.6426",
      archivePrefix  = "arXiv",
      primaryClass   = "hep-ex",
      reportNumber   = "CERN-PH-EP-2011-191",
      SLACcitation   = "%%CITATION = ARXIV:1112.6426;%%"
}


%jet smearing
@techreport{Owen:1423310,
      author        = "Owen, S",
      title         = "{Data-driven estimation of the QCD multijet background to
                       SUSY searches with jets and missing transverse momentum at
                       ATLAS using jet smearing}",
      institution   = "CERN",
      address       = "Geneva",
      number        = "ATL-PHYS-INT-2012-008",
      month         = "Feb",
      year          = "2012",
}


%MET
@Booklet{ATL-PHYS-PUB-2015-023,
      author        = "{ATLAS Collaboration}",
      title         = "{Expected performance of missing transverse momentum
                       reconstruction for the ATLAS detector at $\sqrt{s}=
                       13~\text{TeV}$}",
      howpublished  = "{ATLAS-PHYS-PUB-2015-023}",
      url           = "https://cds.cern.ch/record/2037700",
      year          = "2015",
}


%More SUSY
@article{Aad:2012fqa,
      author         = "Aad, Georges and others",
      title          = "{Search for squarks and gluinos with the ATLAS detector
                        in final states with jets and missing transverse momentum
                        using 4.7 fb$^{-1}$ of $\sqrt{s}=7$ TeV proton-proton
                        collision data}",
      collaboration  = "ATLAS Collaboration",
      journal        = "Phys.Rev.",
      volume         = "D87",
      pages          = "012008",
      doi            = "10.1103/PhysRevD.87.012008",
      year           = "2013",
      eprint         = "1208.0949",
      archivePrefix  = "arXiv",
      primaryClass   = "hep-ex",
      reportNumber   = "CERN-PH-EP-2012-195",
      SLACcitation   = "%%CITATION = ARXIV:1208.0949;%%",
}

@techreport{ATLAS-CONF-2013-025,
      title         = "{Search for direct stop pair production in events with a Z
                       boson, b-jets and missing transverse energy with the ATLAS
                       detector using 21~fb$^{-1}$ from proton-proton collision at
                       $\sqrt{s}=8$ TeV}",
      institution   = "CERN",
      collaboration = "ATLAS Collaboration",
      address       = "Geneva",
      number        = "ATLAS-CONF-2013-025",
      month         = "Mar",
      year          = "2013",
}

%BCHCleaningTool
@misc{BCHtoolTwiki,
      howpublished={\url{https://twiki.cern.ch/twiki/bin/viewauth/AtlasProtected/BCHCleaningTool}}
}

%Jet cleaning
@misc{JetCleaning,
      howpublished={\url{https://twiki.cern.ch/twiki/bin/viewauth/AtlasProtected/HowToCleanJets2012}}
}


%HistFitter
@misc{histfitter,
     url = {https://twiki.cern.ch/twiki/bin/viewauth/AtlasProtected/SusyFitter}
}



%RooStats
@article{Moneta:2010pm,
      author         = "Moneta, Lorenzo and Belasco, Kevin and Cranmer, Kyle S.
                        and Kreiss, S. and Lazzaro, Alfio and others",
      title          = "{The RooStats Project}",
      journal        = "PoS",
      volume         = "ACAT2010",
      pages          = "057",
      year           = "2010",
      eprint         = "1009.1003",
      archivePrefix  = "arXiv",
      primaryClass   = "physics.data-an",
      SLACcitation   = "%%CITATION = ARXIV:1009.1003;%%",
}

%HistFactory
@techreport{Cranmer:1456844,
      author        = "Cranmer, Kyle and Lewis, George and Moneta, Lorenzo and
                       Shibata, Akira and Verkerke, Wouter",
      title         = "{HistFactory: A tool for creating statistical models for
                       use with RooFit and RooStats}",
      institution   = "New York U.",
      collaboration = "ROOT Collaboration",
      address       = "New York",
      number        = "CERN-OPEN-2012-016",
      month         = "Jan",
      year          = "2012",
}

%NLL-fast
@misc{nllfast,
    url={http://pauli.uni-muenster.de/~akule_01/nllwiki/index.php/NLL-fast}
}

%PDF4LHC
@article{Botje:2011sn,
      author         = "Botje, Michiel and Butterworth, Jon and Cooper-Sarkar,
                        Amanda and de Roeck, Albert and Feltesse, Joel and others",
      title          = "{The PDF4LHC Working Group Interim Recommendations}",
      year           = "2011",
      eprint         = "1101.0538",
      archivePrefix  = "arXiv",
      primaryClass   = "hep-ph",

     SLACcitation   = "%%CITATION = ARXIV:1101.0538;%%",
}

%Lepton efficiency twikis
@misc{EleEffTwiki,
    url={https://twiki.cern.ch/twiki/bin/viewauth/AtlasProtected/EfficiencyMeasurements}
}

@misc{EGScaleTwiki,
    url={https://twiki.cern.ch/twiki/bin/view/AtlasProtected/EGammaCalibrationRun2}
}

@misc{MCPTwiki,
    url={https://twiki.cern.ch/twiki/bin/view/AtlasProtected/MuonPerformance}
}

@misc{PhoEffTwiki,
    url={https://twiki.cern.ch/twiki/bin/view/AtlasProtected/PhotonEfficiencyRun2}
}

@misc{JesTwiki,
    url={https://twiki.cern.ch/twiki/bin/viewauth/AtlasProtected/JetUncertainties20152016Data20p7}
}

@misc{JetResTwiki,
    url={https://twiki.cern.ch/twiki/bin/view/AtlasProtected/JetResolution2015Prerecom}
}

@misc{METTwiki,
    url={https://twiki.cern.ch/twiki/bin/viewauth/AtlasProtected/EtmissRecommendationsRel20p7}
}

@misc{PhotonCleaning,
        url={https://twiki.cern.ch/twiki/bin/view/AtlasProtected/LArCleaningAndObjectQuality}
}

@misc{PdfReco,
        url={https://twiki.cern.ch/twiki/bin/view/AtlasProtected/PdfRecommendations}
}

@misc{LhaPdf,
url={https://lhapdf.hepforge.org/index.html}
}


%electron-photon energy
@article{Aad:2014nim,
      author         = "Aad, Georges and others",
      title          = "{Electron and photon energy calibration with the ATLAS
                        detector using LHC Run 1 data}",
      collaboration  = "ATLAS Collaboration",
      journal        = "Eur.Phys.J.",
      number         = "10",
      volume         = "C74",
      pages          = "3071",
      doi            = "10.1140/epjc/s10052-014-3071-4",
      year           = "2014",
      eprint         = "1407.5063",
      archivePrefix  = "arXiv",
      primaryClass   = "hep-ex",
      reportNumber   = "CERN-PH-EP-2014-153",
      SLACcitation   = "%%CITATION = ARXIV:1407.5063;%%",
}


@techreport{Fayard:2060328,
      author        = "Fayard, Louis and Goudet and others",
      title         = "{Energy calibration prerecommendation for Run 2}",
      institution   = "CERN",
      address       = "Geneva",
      number        = "ATL-COM-PHYS-2015-1300",
      month         = "Oct",
      year          = "2015",
      reportNumber  = "ATL-COM-PHYS-2015-1300",
      url           = "https://cds.cern.ch/record/2060328",
}


%photon ID
@techreport{ATL-PHYS-PUB-2011-007,
      title         = "{Expected photon performance in the ATLAS experiment}",
      institution   = "CERN",
      address       = "Geneva",
      number        = "ATL-PHYS-PUB-2011-007",
      month         = "Apr",
      year          = "2011",
}



@techreport{Abreu:1333391,
      author        = "Abreu, H and others",
      title         = "{Purity Estimates for the Inclusive Isolated Photons}",
      institution   = "CERN",
      address       = "Geneva",
      number        = "ATL-PHYS-INT-2011-015",
      month         = "Mar",
      year          = "2011",
      reportNumber  = "ATL-PHYS-INT-2011-015",
      url           = "https://cds.cern.ch/record/1333391",
}



%electron ID

@Booklet{ATLAS-CONF-2016-024,
      author         = "{ATLAS Collaboration}",
      title         = "{Electron efficiency measurements with the ATLAS detector
                       using the 2015 LHC proton-proton collision data}",
      howpublished   = "{ATLAS-CONF-2016-024}",
      url           = "https://cds.cern.ch/record/2157687",
      year          = "2016",

}

@techreport{ATL-PHYS-PUB-2015-041,
      author        = "{ATLAS Collaboration}",
      title         = "{Electron identification measurements in ATLAS using
                       $\sqrt{s}$ = 13 TeV data with 50 ns bunch spacing}",
      howpublished  = "{ATL-PHYS-PUB-2015-041}",
      year          = "2015",
      url           = "https://cds.cern.ch/record/2048202",
}


@article{Aad:2014fxa,
      author         = "Aad, Georges and others",
      title          = "{Electron reconstruction and identification efficiency
                        measurements with the ATLAS detector using the 2011 LHC
                        proton-proton collision data}",
      collaboration  = "ATLAS",
      journal        = "Eur. Phys. J.",
      volume         = "C74",
      year           = "2014",
      number         = "7",
      pages          = "2941",
      doi            = "10.1140/epjc/s10052-014-2941-0",
      eprint         = "1404.2240",
      archivePrefix  = "arXiv",
      primaryClass   = "hep-ex",
      reportNumber   = "CERN-PH-EP-2014-040",
      SLACcitation   = "%%CITATION = ARXIV:1404.2240;%%"
}



%photon iso correction
@techreport{Hance:1379530,
      author        = "Hance, M and Olivito, D and Williams, H",
      title         = "{Performance Studies for e/gamma Calorimeter Isolation}",
      institution   = "CERN",
      address       = "Geneva",
      number        = "ATL-COM-PHYS-2011-1186",
      month         = "Sep",
      year          = "2011",
}

@techreport{Laplace:1444890,
      author        = "Laplace, S and de Vivie, JB",
      title         = "{Calorimeter isolation and pile-up}",
      institution   = "CERN",
      address       = "Geneva",
      number        = "ATL-COM-PHYS-2012-467",
      month         = "May",
      year          = "2012",
}


%Muon ID

@techreport{ATL-PHYS-PUB-2015-037,
      title         = "{Muon reconstruction performance in early $\sqrt{s}$ =13 TeV
                       data}",
      institution   = "CERN",
      address       = "Geneva",
      number        = "ATL-PHYS-PUB-2015-037",
      month         = "Aug",
      year          = "2015",
      reportNumber  = "ATL-PHYS-PUB-2015-037",
      url           = "https://cds.cern.ch/record/2047831",
}


%Tracking group guidelines
@misc{IndetGuidelines,
        howpublished={\url={https://twiki.cern.ch/twiki/bin/viewauth/AtlasProtected/InDetTrackingPerformanceGuidelines}}
}

% #Pile_up_rescaling

% techreport ATLAS-CONF-2012-144
@techreport{leptonphoton7,
      title         = "{Search for supersymmetry in events with at least one
                       photon, one lepton, and large missing transverse momentum
                       in proton--proton collision at a center-of-mass energy of 7
                       TeV with the ATLAS detector}",
      institution   = "CERN",
      collaboration = "ATLAS Collaboration",
      address       = "Geneva",
      number        = "ATLAS-CONF-2012-144",
      month         = "Nov",
      year          = "2012",
}

% techreport ATLAS-CONF-2012-046
@techreport{Zplusmet7,
      title         = "{Search for physics beyond the Standard Model in events
                       with a $Z$ boson and large missing transverse momentum
                       using $\sqrt{s}=7$ TeV $pp$ collisions from the LHC with
                       the ATLAS detector}",
      institution   = "CERN",
      collaboration = "ATLAS Collaboration",
      address       = "Geneva",
      number        = "ATLAS-CONF-2012-046",
      month         = "May",
      year          = "2012",
}


%% EXPERIMENTAL CITES

%diphoton CONF
@techreport{Alonso:1700554,
      author        = "Alonso, F and Auerbach, B and Dova, M and Fowler, S and
                       Jinnouchi, O and Przysiezniak, H and Schumm, B A and
                       Tripiana, M and Williams, H H and Reece, Ryan and Schier,
                       Sheena",
      title         = "{Search for a diphoton and ETmiss final state in $\sqrt{s}$=8
                       TeV pp collisions at LHC using the ATLAS detector}",
      institution   = "CERN",
      address       = "Geneva",
      number        = "ATL-COM-PHYS-2014-442",
      month         = "May",
      year          = "2014",
      reportNumber  = "ATL-COM-PHYS-2014-442",
      url           = "https://cds.cern.ch/record/1700554",
      note          = "This is the version of the INT note geared towards
                       finalization towards a peer-reviewed paper. It is very
                       similar to ATL-COM-PHYS-2013-109, which was geared towards
                       a CONF note.",
}


@techreport{ATLAS-CONF-2014-001,
      title         = "{Search for Diphoton Events with Large Missing Transverse
                       Momentum in 8 TeV pp Collision Data with the ATLAS
                       Detector}",
      institution   = "CERN",
      address       = "Geneva",
      number        = "ATLAS-CONF-2014-001",
      month         = "Jan",
      year          = "2014",
}

%diphoton 7TeV
@article{Aad2012519,
author         = "{ATLAS Collaboration}",
title = "{Search for diphoton events with large missing transverse momentum in of 7 TeV proton-proton collision data with the ATLAS detector}",
journal = "Phys. Lett. B",
volume = "710",
number = "4-5",
pages = "519 - 537",
year = "2012",
note = "",
issn = "0370-2693",
doi = "http://dx.doi.org/10.1016/j.physletb.2012.02.054",
url = "http://www.sciencedirect.com/science/article/pii/S0370269312001955",
author = "G. Aad and others"
}




%Z+jets
@techreport{ATLAS-CONF-2012-152,
      title         = "{Search for supersymmetry in final states with jets,
                       missing transverse momentum and a $Z$ boson at $\sqrt{s}=8$
                       TeV with the ATLAS detector}",
      institution   = "CERN",
      collaboration = "ATLAS Collaboration",
      address       = "Geneva",
      number        = "ATLAS-CONF-2012-152",
      month         = "Nov",
      year          = "2012",
}


%CMS  photon SUSY
@techreport{CMS-PAS-SUS-12-018,
      title         = "{Search for supersymmetry in events with photons and
                       missing energy}",
      institution   = "CERN",
      collaboration = "CMS Collaboration",
      address       = "Geneva",
      number        = "CMS-PAS-SUS-12-018",
      year          = "2012",
}

@techreport{CMS-PAS-SUS-14-004,
      title         = "{Search for supersymmetry in events with one photon, jets
                       and missing transverse energy at $\sqrt{s}$ = 8 TeV}",
      institution   = "CERN",
      collaboration = "CMS Collaboration",
      address       = "Geneva",
      number        = "CMS-PAS-SUS-14-004",
      year          = "2014",
}

%CKKW
@article{Catani:2001cc,
      author         = "Catani, S. and Krauss, F. and Kuhn, R. and Webber, B.R.",
      title          = "{QCD matrix elements + parton showers}",
      journal        = "JHEP",
      volume         = "0111",
      pages          = "063",
      doi            = "10.1088/1126-6708/2001/11/063",
      year           = "2001",
      eprint         = "hep-ph/0109231",
      archivePrefix  = "arXiv",
      primaryClass   = "hep-ph",
      reportNumber   = "CERN-TH-2000-367, CAVENDISH-HEP-00-03",
      SLACcitation   = "%%CITATION = HEP-PH/0109231;%%",
}

@article{Krauss:2002up,
      author         = "Krauss, F.",
      title          = "{Matrix elements and parton showers in hadronic
                        interactions}",
      journal        = "JHEP",
      volume         = "0208",
      pages          = "015",
      doi            = "10.1088/1126-6708/2002/08/015",
      year           = "2002",
      eprint         = "hep-ph/0205283",
      archivePrefix  = "arXiv",
      primaryClass   = "hep-ph",
      SLACcitation   = "%%CITATION = HEP-PH/0205283;%%",
}

%HIGGS MASS
@article{Aad:2015zhl,
      author         = "Aad, Georges and others",
      title          = "{Combined Measurement of the Higgs Boson Mass in $pp$
                        Collisions at $\sqrt{s}=7$ and 8 TeV with the ATLAS and
                        CMS Experiments}",
      collaboration  = "ATLAS, CMS",
      journal        = "Phys. Rev. Lett.",
      volume         = "114",
      year           = "2015",
      pages          = "191803",
      doi            = "10.1103/PhysRevLett.114.191803",
      eprint         = "1503.07589",
      archivePrefix  = "arXiv",
      primaryClass   = "hep-ex",
      reportNumber   = "ATLAS-HIGG-2014-14, CMS-HIG-14-042, CERN-PH-EP-2015-075",
      SLACcitation   = "%%CITATION = ARXIV:1503.07589;%%"
}


@techreport{HSG1Group:1516925,
      author        = "HSG1 Group, The",
      title         = "{Measurements of the properties of the Higgs-like boson in
                       the two photon decay channel with the ATLAS detector using
                       25 $\mathrm{fb}^{-1}$ of proton-proton collision data}",
      institution   = "CERN",
      address       = "Geneva",
      number        = "ATLAS-COM-CONF-2013-015",
      month         = "Feb",
      year          = "2013",
}

%photonB
@techreport{Kuhl:1604846,
      author        = "Kuhl, A and Mitrevski, J and Nielsen, J",
      title         = "{Search for photon, $b\bar{b}$ and ${E_{\mathrm{T}}^{\mathrm{miss}}}$
                       final state in $\sqrt{s}$ = 8 TeV pp collisions at the LHC
                       using the ATLAS detector }",
      institution   = "CERN",
      address       = "Geneva",
      number        = "ATL-COM-PHYS-2013-1379",
      month         = "Oct",
      year          = "2013",
      reportNumber  = "ATL-COM-PHYS-2013-1379",
      url           = "https://cds.cern.ch/record/1604846",
}

%ATLFASTII
@techreport{Richter-Was:683751,
      author        = "Richter-Was, Elzbieta and Froidevaux, D and Poggioli, Luc",
      title         = "{ATLFAST 2.0 a fast simulation package for ATLAS}",
      institution   = "CERN",
      address       = "Geneva",
      number        = "ATL-PHYS-98-131",
      month         = "Nov",
      year          = "1998",
}

%photon calib
@techreport{Banfi:1259219,
      author        = "Banfi, D and Carminati, L and del Peso, J and Kerschen, N
                       and Mandelli, L and Nebot, D and Paganis, E",
      title         = "{The measurement of the energy of electrons and photons in
                       the ATLAS electromagnetic calorimeters}",
      institution   = "CERN",
      address       = "Geneva",
      number        = "ATL-PHYS-INT-2010-038",
      month         = "Apr",
      year          = "2010",
}

%OTHER EXPERIMENTS


@misc{CMS:diphoton:8TeV,
      title = "Search for Supersymmetry in Events with Photons and
      Missing Energy",
      collaboration = "CMS",
      howpublished = "{CMS PAS SUS-12-018}",
      month = "July",
      year = "2012",
}

@Article{CMS-SUS-14-004,
    author         = "{CMS Collaboration}",
    title          = "{Search for supersymmetry with photons in $pp$ collisions at $\sqrt{s} = 8\;\mbox{TeV}$}",
    journal        = "Phys. Rev. D",
    volume         = "92",
    year           = "2015",
    pages          = "072006",
    doi            = "10.1103/PhysRevD.92.072006",
    reportNumber   = "CERN-PH-EP-2015-129",
    eprint         = "1507.02898",
    archivePrefix  = "arXiv",
    primaryClass   = "hep-ex",
}

@article{Aad:2012zza,
      author         = "Aad, Georges and others",
      title          = "{Search for diphoton events with large missing transverse
                        momentum in 7 TeV proton-proton collision data with the
                        ATLAS detector}",
      collaboration  = "ATLAS",
      journal        = "Phys.Lett.",
      volume         = "B718",
      pages          = "411-430",
      doi            = "10.1016/j.physletb.2012.10.069",
      year           = "2012",
      eprint         = "1209.0753",
      archivePrefix  = "arXiv",
      primaryClass   = "hep-ex",
      reportNumber   = "CERN-PH-EP-2012-234",
      SLACcitation   = "%%CITATION = ARXIV:1209.0753;%%",
}



%photon+b 7TeV
%photon+b+MET
@article{Aad:2012jva,
      author         = "Aad, Georges and others",
      title          = "{Search for supersymmetry in events with photons, bottom
                        quarks, and missing transverse momentum in proton-proton
                        collisions at a centre-of-mass energy of~ 7 TeV with the
                        ATLAS detector}",
      collaboration  = "ATLAS",
      journal        = "Phys.Lett. B",
      volume         = "719",
      pages          = "261-279",
      doi            = "10.1016/j.physletb.2013.01.041",
      year           = "2013",
      eprint         = "1211.1167",
      archivePrefix  = "arXiv",
      primaryClass   = "hep-ex",
      reportNumber   = "CERN-PH-EP-2012-308",
      SLACcitation   = "%%CITATION = ARXIV:1211.1167;%%",
}

@Article{CMS-SUS-14-009,
    author         = "{CMS Collaboration}",
    title          = "{Search for stealth supersymmetry in events with jets, either photons or leptons, and low missing transverse momentum in $pp$ collisions at $8\;\mbox{TeV}$}",
    journal        = "Phys. Lett. B",
    volume         = "743",
    year           = "2015",
    pages          = "503",
    doi            = "10.1016/j.physletb.2015.03.017",
    reportNumber   = "CERN-PH-EP-2014-277",
    eprint         = "1411.7255",
    archivePrefix  = "arXiv",
    primaryClass   = "hep-ex",
}

@Article{CMS-SUS-11-002,
    author         = "{CMS Collaboration}",
    title          = "{Search for supersymmetry in events with a lepton, a photon, and large missing transverse energy in $pp$ collisions at $\sqrt{s} = 7\;\mbox{TeV}$}",
    journal        = "JHEP",
    volume         = "1106",
    year           = "2011",
    pages          = "093",
    doi            = "10.1007/JHEP06(2011)093",
    reportNumber   = "CERN-PH-EP-2011-058",
    eprint         = "1105.3152",
    archivePrefix  = "arXiv",
    primaryClass   = "hep-ex",
}


@Article{CMS-SUS-10-002,
    author         = "{CMS Collaboration}",
    title          = "{Search for Supersymmetry in $pp$ Collisions at $\sqrt{s} = 7\;\mbox{TeV}$ in Events with Two Photons and Missing Transverse Energy}",
    journal        = "Phys. Rev. Lett.",
    volume         = "106",
    year           = "2011",
    pages          = "211802",
    doi            = "10.1103/PhysRevLett.106.211802",
    reportNumber   = "CERN-PH-EP-2011-007",
    eprint         = "1103.0953",
    archivePrefix  = "arXiv",
    primaryClass   = "hep-ex",
}


@article{Buescher:2005he,
      author         = "Buescher, Volker and others",
      title          = "{Combination of CDF and D0 limits on a gauge mediated
                        SUSY model using diphoton and missing transverse energy
                        channel}",
      collaboration  = "CDF Collaboration, D0 Collaboration",
      year           = "2005",
      eprint         = "hep-ex/0504004",
      archivePrefix  = "arXiv",
      primaryClass   = "hep-ex",
      reportNumber   = "FERMILAB-PUB-05-052",
      SLACcitation   = "%%CITATION = HEP-EX/0504004;%%",
}


@article{Abazov:2007ag,
      author         = "{D0 Collaboration}",
      title          = "{Search for supersymmetry in di-photon final states at
                        $\sqrt{s}$ = 1.96 TeV}",
      journal        = "Phys. Lett. B",
      volume         = "659",
      pages          = "856-863",
      doi            = "10.1016/j.physletb.2007.12.006",
      year           = "2008",
      eprint         = "0710.3946",
      archivePrefix  = "arXiv",
      primaryClass   = "hep-ex",
      reportNumber   = "FERMILAB-PUB-07-560-E",
      SLACcitation   = "%%CITATION = ARXIV:0710.3946;%%",
}

@techreport{ATLAS-COM-PHYS-2014-029,
      title         = "{Search for SUSY in events with a photon, jets
                        and missing transverse energy with the ATLAS detector}",
      institution   = "CERN",
      collaboration = "ATLAS Collaboration",
      address       = "Geneva",
      number        = "ATLAS-COM-PHYS-2014-029",
      month         = "Nov",
      year          = "2014",
}



%IBL
@techreport{Capeans:1291633,
      author        = "Capeans, M and Darbo, G and Einsweiller, K and Elsing, M
                       and Flick, T and Garcia-Sciveres, M and Gemme, C and
                       Pernegger, H and Rohne, O and Vuillermet, R",
      title         = "{ATLAS Insertable B-Layer Technical Design Report}",
      institution   = "CERN",
      address       = "Geneva",
      number        = "CERN-LHCC-2010-013. ATLAS-TDR-19",
      month         = "Sep",
      year          = "2010",
      reportNumber  = "CERN-LHCC-2010-013",
      url           = "https://cds.cern.ch/record/1291633",
}

@Booklet{ATLAS-TDR-19,
     author       = "{ATLAS Collaboration}",
     title        = "ATLAS Insertable B-Layer Technical Design Report",
     howpublished = "ATLAS-TDR-19",
     year         = "2010",
     url          = "http://cds.cern.ch/record/1291633",
     addendum     = "{\textit ATLAS Insertable B-Layer Technical Design Report Addendum}, ATLAS-TDR-19-ADD-1, 2012, {\scriptsize{URL}}: \url{http://cds.cern.ch/record/1451888}",
}



@article{Aad:2015hea,
      author         = "Aad, Georges and others",
      title          = "{Search for photonic signatures of gauge-mediated
                        supersymmetry in 8 TeV $pp$ collisions with the ATLAS
                        detector}",
      collaboration  = "ATLAS",
      year           = "2015",
      eprint         = "1507.05493",
      archivePrefix  = "arXiv",
      primaryClass   = "hep-ex",
      reportNumber   = "CERN-PH-EP-2015-168",
      SLACcitation   = "%%CITATION = ARXIV:1507.05493;%%"
}

%Cowan
@techreport{ref:Cowan_stats,
      author         = "G. Cowan",
      title          = "{Discovery sensitivity for a counting experiment with background uncertainty}",
      institution    = "Royal Holloway",
      address        = "London",
      url            = "http://www.pp.rhul.ac.uk/~cowan/stat/medsig/medsigNote.pdf",
}

%CLs
@article{Read:2002hq,
      author         = "Read, Alexander L.",
      title          = "{Presentation of search results: The $CL_{s}$ technique}",
      booktitle      = "{Advanced Statistical Techniques in Particle Physics.
                        Proceedings, Conference, Durham, UK, March 18-22, 2002}",
      journal        = "J. Phys. G",
      volume         = "28",
      year           = "2002",
      pages          = "2693-2704",
      doi            = "10.1088/0954-3899/28/10/313",
      SLACcitation   = "%%CITATION = JPAGA,G28,2693;%%"
}

%PDF Uncertainties
@article{Butterworth:2015oua,
      author         = "Butterworth, Jon and others",
      title          = "{PDF4LHC recommendations for LHC Run II}",
      journal        = "J. Phys. G",
      volume         = "43",
      year           = "2016",
      pages          = "023001",
      doi            = "10.1088/0954-3899/43/2/023001",
      eprint         = "1510.03865",
      archivePrefix  = "arXiv",
      primaryClass   = "hep-ph",
      reportNumber   = "OUTP-15-17P, SMU-HEP-15-12, TIF-UNIMI-2015-14,
                        LCTS-2015-27, CERN-PH-TH-2015-249",
      SLACcitation   = "%%CITATION = ARXIV:1510.03865;%%"
}


@misc{SUSYOR,
      howpublished={\url{https://twiki.cern.ch/twiki/bin/view/AtlasProtected/SusyObjectDefinitionsr2013TeV\#Overlap_Removals}}
}


@techreport{Alonso:2021098,
      author        = "Alonso, Francisco and Dova, Maria-Teresa and Wahlberg,
                       Hernan and Arduh, Francisco Anuar",
      title         = "{Search for SUSY in events with a photon, jets and missing
                       transverse energy with the ATLAS detector in 13 TeV pp
                       collisions}",
      institution   = "CERN",
      address       = "Geneva",
      number        = "ATL-COM-PHYS-2015-480",
      month         = "Jun",
      year          = "2015",
      reportNumber  = "ATL-COM-PHYS-2015-480",
      url           = "https://cds.cern.ch/record/2021098",
}


@techreport{ATL-COM-PHYS-2016-1518,
      author        = "Abeloos, Baptiste and others",
      title         = "{Search for squarks and gluinos with the ATLAS detector in
                       final states with jets and missing transverse momentum at
                       $\sqrt{s}$=13 TeV: supporting documentation for Moriond
                       2017}",
      institution   = "CERN",
      address       = "Geneva",
      number        = "ATL-COM-PHYS-2016-1518",
      month         = "Oct",
      year          = "2016",
      reportNumber  = "ATL-COM-PHYS-2016-1518",
      url           = "https://cds.cern.ch/record/2228000",
}


@techreport{ATL-COM-PHYS-2016-1626,
      author        = "Aubry, Leonard and others",
      title         = "{Search for new phenomena with the ATLAS detector in
                       monophoton events from proton-proton collisions at $\sqrt{s}$ =
                       13 TeV collected in 2015 and 2016.}",
      institution   = "CERN",
      address       = "Geneva",
      number        = "ATL-COM-PHYS-2016-1626",
      month         = "Nov",
      year          = "2016",
      reportNumber  = "ATL-COM-PHYS-2016-1626",
      url           = "https://cds.cern.ch/record/2231922",
}

@misc{AlonsoPAR,
howpublished={\url{https://indico.cern.ch/event/586692/contributions/2363780/attachments/1377228/2091971/photonmet_PAR_nov24.pdf}}
}

@misc{METRecomendation2017,
howpublished={\url{https://twiki.cern.ch/twiki/bin/view/AtlasProtected/EtmissRecommendationsRel20p7}}}

@misc{MC15Sys,
howpublished={\url
{https://twiki.cern.ch/twiki/bin/view/AtlasProtected/MC15SystematicUncertainties}}
}

@misc{AmbiguityTool,
howpublished={\url
{https://twiki.cern.ch/twiki/bin/view/AtlasProtected/EGammaIdentificationRun2\#Using_the_Ambiguity_tool_in_anal}}
}

@misc{JvtTool,
howpublished={\url
https://twiki.cern.ch/twiki/bin/view/AtlasProtected/JVTCalibration}}
}

@techreport{Alonso:2233238,
      author        = "Alonso, Francisco and Arduh, Francisco Anuar and Hoya,
                       Joaquin and Dova, Maria-Teresa and Wahlberg, Hernan and
                       Orellana, Gonzalo Enrique",
      title         = "{Search for supersymmetry in events with photons, jets and
                       missing transverse momentum with 36 fb$^{-1}$ of data at 13
                       TeV}",
      institution   = "CERN",
      address       = "Geneva",
      number        = "ATL-COM-PHYS-2016-1662",
      month         = "Nov",
      year          = "2016",
      reportNumber  = "ATL-COM-PHYS-2016-1662",
      url           = "https://cds.cern.ch/record/2233238",
}


@techreport{Carminati:2051527,
      author        = "Carminati, Leonardo and Jinnouchi, Osamu and Manzoni,
                       Stefano and Marchiori, Giovanni and Orthen, Tobias and
                       Reece, Ryan and Schumm, Bruce and Zecchinelli, Angelo
                       Giacomo",
      title         = "{Search for a diphoton and
                       ${E_{\mathrm{T}}^{\mathrm{miss}}}$ final state in
                       $\sqrt{s}=13$ TeV $pp$ collisions at the LHC using the
                       ATLAS detector}",
      institution   = "CERN",
      address       = "Geneva",
      number        = "ATL-COM-PHYS-2015-1136",
      month         = "Sep",
      year          = "2015",
      reportNumber  = "ATL-COM-PHYS-2015-1136",
      url           = "https://cds.cern.ch/record/2051527",
}


@article{Nasella,
      author         = "Nasella, Laura",
      title          = "{Measurement of the electrons faking photons
                          background searching for Dark Matter in the
                          mono-photon channel with 140 fb$^{-1}$ of $pp$ collisions
                          recorded by the ATLAS detector}",
      year           = "2019",
      url           = "http://www.infn.it/thesis/PDF/getfile.php?filename=13770-Nasella-triennale.pdf",
    }

