%  Extra bibliography

@article{Glashow:1961tr,
      author         = "Glashow, S. L.",
      title          = "{Partial Symmetries of Weak Interactions}",
      journal        = "Nucl. Phys.",
      volume         = "22",
      year           = "1961",
      pages          = "579-588",
      doi            = "10.1016/0029-5582(61)90469-2",
      SLACcitation   = "%%CITATION = NUPHA,22,579;%%"
}

@article{PhysRevLett.19.1264,
  title = {A Model of Leptons},
  author = {Weinberg, Steven},
  journal = {Phys. Rev. Lett.},
  volume = {19},
  issue = {21},
  pages = {1264--1266},
  numpages = {0},
  year = {1967},
  month = {Nov},
  publisher = {American Physical Society},
  doi = {10.1103/PhysRevLett.19.1264},
}

@article{PhysRevLett.13.508,
  title = {Broken Symmetries and the Masses of Gauge Bosons},
  author = {Higgs, Peter W.},
  journal = {Phys. Rev. Lett.},
  volume = {13},
  issue = {16},
  pages = {508--509},
  numpages = {0},
  year = {1964},
  month = {Oct},
  publisher = {American Physical Society},
  doi = {10.1103/PhysRevLett.13.508},
}

@article{Martin:1997ns,
      author         = "Martin, Stephen P.",
      title          = "{A Supersymmetry primer}",
      year           = "1997",
      doi            = "10.1142/9789812839657_0001, 10.1142/9789814307505_0001",
      note           = "[Adv. Ser. Direct. High Energy Phys.18,1(1998)]",
      eprint         = "hep-ph/9709356",
      archivePrefix  = "arXiv",
      primaryClass   = "hep-ph",
      reportNumber   = "FERMILAB-PUB-97-425-T",
      SLACcitation   = "%%CITATION = HEP-PH/9709356;%%"
}

@article{Agashe:2014kda,
      author         = "Olive, K. A. and others",
      title          = "{Review of Particle Physics}",
      collaboration  = "Particle Data Group",
      journal        = "Chin. Phys.",
      volume         = "C38",
      year           = "2014",
      pages          = "090001",
      doi            = "10.1088/1674-1137/38/9/090001",
      SLACcitation   = "%%CITATION = CHPHD,C38,090001;%%"
}
@inproceedings{Haber:1993wf,
      author         = "Haber, Howard E.",
      title          = "{Introductory low-energy supersymmetry}",
      booktitle      = "{Theoretical Advanced Study Institute (TASI 92),
        title = {From}
      }
                        Black Holes and Strings to Particles Boulder, Colorado,
                        June 3-28, 1992}",
      year           = "1993",
      pages          = "0589-688",
      eprint         = "hep-ph/9306207",
      archivePrefix  = "arXiv",
      primaryClass   = "hep-ph",
      reportNumber   = "SCIPP-92-33, C92-06-03.1",
      SLACcitation   = "%%CITATION = HEP-PH/9306207;%%"
}

@article{Dimopoulos:1995ju,
      author         = "Dimopoulos, Savas and Sutter, David W.",
      title          = "{The Supersymmetric flavor problem}",
      journal        = "Nucl. Phys.",
      volume         = "B452",
      year           = "1995",
      pages          = "496-512",
      doi            = "10.1016/0550-3213(95)00421-N",
      eprint         = "hep-ph/9504415",
      archivePrefix  = "arXiv",
      primaryClass   = "hep-ph",
      reportNumber   = "SU-ITP-95-9, CERN-TH-95-101",
      SLACcitation   = "%%CITATION = HEP-PH/9504415;%%"
}

@article{Aad:2012tfa,
      author         = "Aad, Georges and others",
      title          = "{Observation of a new particle in the search for the
                        Standard Model Higgs boson with the ATLAS detector at the
                        LHC}",
      collaboration  = "ATLAS",
      journal        = "Phys. Lett.",
      volume         = "B716",
      year           = "2012",
      pages          = "1-29",
      doi            = "10.1016/j.physletb.2012.08.020",
      eprint         = "1207.7214",
      archivePrefix  = "arXiv",
      primaryClass   = "hep-ex",
      reportNumber   = "CERN-PH-EP-2012-218",
      SLACcitation   = "%%CITATION = ARXIV:1207.7214;%%"
}

@article{Chatrchyan:2012xdj,
      author         = "Chatrchyan, Serguei and others",
      title          = "{Observation of a new boson at a mass of 125 GeV with the
                        CMS experiment at the LHC}",
      collaboration  = "CMS",
      journal        = "Phys. Lett.",
      volume         = "B716",
      year           = "2012",
      pages          = "30-61",
      doi            = "10.1016/j.physletb.2012.08.021",
      eprint         = "1207.7235",
      archivePrefix  = "arXiv",
      primaryClass   = "hep-ex",
      reportNumber   = "CMS-HIG-12-028, CERN-PH-EP-2012-220",
      SLACcitation   = "%%CITATION = ARXIV:1207.7235;%%"
}

@book{ellis1996,
title = "QCD and Collider Physics:",
author = "R. K. Ellis and W. J. Stirling and B. R. Webber",
year = "1996",
month = "10",
day = "24",
doi = "10.1017/CBO9780511628788",
publisher = "Cambridge University Press",
url = "https://www.cambridge.org/core/books/qcd-and-collider-physics/D0095E6D278BBBC74E9C3636AB4CB80C",
isbn = "9780511628788",
address = "Cambridge"
}


@article{PhysRevLett.23.1415,
  title = {Very High-Energy Collisions of Hadrons},
  author = {Feynman, Richard P.},
  journal = {Phys. Rev. Lett.},
  volume = {23},
  issue = {24},
  pages = {1415--1417},
  numpages = {0},
  year = {1969},
  month = {Dec},
  publisher = {American Physical Society},
  doi = {10.1103/PhysRevLett.23.1415},
  url = {http://link.aps.org/doi/10.1103/PhysRevLett.23.1415}
}


@article{PhysRev.185.1975,
  title = {Inelastic Electron-Proton and $\ensuremath{\gamma}$-Proton Scattering and the Structure of the Nucleon},
  author = {Bjorken, J. D. and Paschos, E. A.},
  journal = {Phys. Rev.},
  volume = {185},
  issue = {5},
  pages = {1975--1982},
  numpages = {0},
  year = {1969},
  month = {Sep},
  publisher = {American Physical Society},
  doi = {10.1103/PhysRev.185.1975},
  url = {http://link.aps.org/doi/10.1103/PhysRev.185.1975}
}


@article{ELLIS1978281,
title = "Factorization and the parton model in QCD",
journal = "Physics Letters B",
volume = "78",
number = "2",
pages = "281 - 284",
year = "1978",
note = "",
issn = "0370-2693",
doi = "http://dx.doi.org/10.1016/0370-2693(78)90023-0",
url = "http://www.sciencedirect.com/science/article/pii/0370269378900230",
author = "R.Keith Ellis and Howard Georgi and Marie Machacek and H.David Politzer and Graham G. Ross",

}

@article{Evans:1129806,
      author        = "Evans, Lyndon R and Bryant, Philip",
      title         = "{LHC Machine}",
      journal       = "J. Instrum.",
      volume        = "3",
      pages         = "S08001. 164 p",
      year          = "2008",
      url           = "https://cds.cern.ch/record/1129806",
      note          = "This report is an abridged version of the LHC Design
                       Report (CERN-2004-003)",
}

@article{Aad:2015zhl,
      author         = "Aad, Georges and others",
      title          = "{Combined Measurement of the Higgs Boson Mass in $pp$
                        Collisions at $\sqrt{s}=7$ and 8 TeV with the ATLAS and
                        CMS Experiments}",
      booktitle      = "{Proceedings, Meeting of the APS Division of Particles
                        and Fields (DPF 2015),
                          title = {Ann Arbor, Michigan, USA, 4-8 Aug}
                        }
                        2015}",
      collaboration  = "ATLAS, CMS",
      journal        = "Phys. Rev. Lett.",
      volume         = "114",
      year           = "2015",
      pages          = "191803",
      doi            = "10.1103/PhysRevLett.114.191803",
      eprint         = "1503.07589",
      archivePrefix  = "arXiv",
      primaryClass   = "hep-ex",
      reportNumber   = "ATLAS-HIGG-2014-14, CMS-HIG-14-042, CERN-PH-EP-2015-075",
      SLACcitation   = "%%CITATION = ARXIV:1503.07589;%%"
}

@techreport{Lampl:1099735,
      author        = "Lampl, W and Laplace, S and Lelas, D and Loch, P and Ma, H
                       and Menke, S and Rajagopalan, S and Rousseau, D and Snyder,
                       S and Unal, G",
      title         = "{Calorimeter Clustering Algorithms,
        title = {Description and}
      }
                       Performance}",
      institution   = "CERN",
      address       = "Geneva",
      number        = "ATL-LARG-PUB-2008-002. ATL-COM-LARG-2008-003",
      month         = "Apr",
      year          = "2008",
      reportNumber  = "ATL-LARG-PUB-2008-002",
      url           = "https://cds.cern.ch/record/1099735",
}

@techreport{Khoo:2012749,
      author        = "Khoo, Teng Jian and Klein, Matthew Henry and Okawa, Hideki
                       and Schaefer, Douglas and Williams, Sarah and Begel,
                       Michael and Cavalli, Donatella and Francavilla, Paolo and
                       Hariri, Faten and Lee, Claire Alexandra and Lin, Tai-Hua
                       and Liu, Bo and Loch, Peter and Lopez Mateos, David and
                       Mazini, Rachid and Pizio, Caterina and Resconi, Silvia and
                       Simoniello, Rosa and Smith, Matthew and Testa, Marianna and
                       Vichou, Irene",
      title         = "{Performance of algorithms that reconstruct missing
                       transverse momentum in $\sqrt{s}$ $=$ 8 TeV proton--proton
                       collisions in the ATLAS detector}",
      institution   = "CERN",
      address       = "Geneva",
      number        = "ATL-COM-PHYS-2015-341",
      month         = "Apr",
      year          = "2015",
      reportNumber  = "ATL-COM-PHYS-2015-341",
      url           = "https://cds.cern.ch/record/2012749",
}

@book{LEPbook,
      title         = "{LEP design report}",
      publisher     = "CERN",
      address       = "Geneva",
      year          = "1983",
      url           = "https://cds.cern.ch/record/98881",
      note          = "By the LEP Injector Study Group",
}


@book{cowan_book,
      title         = "{Statistical Data Analysis}",
      publisher     = "Clarendon Press",
      year          = "1998",
      author        = "Glen Cowan",
}

@article{Olive:2016xmw,
      author         = "Patrignani, C. and others",
      title          = "{Review of Particle Physics}",
      collaboration  = "Particle Data Group",
      journal        = "Chin. Phys.",
      volume         = "C40",
      year           = "2016",
      number         = "10",
      pages          = "100001",
      doi            = "10.1088/1674-1137/40/10/100001",
      SLACcitation   = "%%CITATION = CHPHD,C40,100001;%%"
}

@book{ATLASComputing,
      author        = "CERN",
      title         = "{ATLAS Computing: technical design report}",
      collaboration = "ATLAS",
      address       = "Geneva",
      series        = "Technical Design Report ATLAS",
      year          = "2005",
      url           = "https://cds.cern.ch/record/837738",
}

@techreport{Lenzi:1214931,
      author        = "Lenzi, B",
      title         = "{The Physics Analysis Tools project for the ATLAS
                       experiment}",
      institution   = "CERN",
      collaboration = "ATLAS",
      address       = "Geneva",
      number        = "ATL-SOFT-PROC-2009-006",
      month         = "Oct",
      year          = "2009",
      reportNumber  = "ATL-SOFT-PROC-2009-006",
      url           = "https://cds.cern.ch/record/1214931",
}

@article{Calafiura:865624,
      author        = "Calafiura, P and Lavrijsen, W and Leggett, C and Marino, M
                       and Quarrie, D",
      title         = "{The Athena Control Framework in Production, New
                       Developments and Lessons Learned}",
      year          = "2005",
      url           = "https://cds.cern.ch/record/865624",
}

@techreport{Collaboration:2198651,
      author        = "CERN",
      title         = "{Search for Supersymmetry in events with photons, jets and
                       missing transverse energy with the ATLAS detector in 13 TeV
                       pp collisions}",
      collaboration = "ATLAS",
      institution   = "CERN",
      address       = "Geneva",
      number        = "ATLAS-COM-CONF-2016-051",
      month         = "Jul",
      year          = "2016",
      reportNumber  = "ATLAS-COM-CONF-2016-051",
      url           = "https://cds.cern.ch/record/2198651",
}

@article{PhysRevD.14.1667,
  title = {Gauge-symmetry hierarchies},
  author = {Gildener, Eldad},
  journal = {Phys. Rev. D},
  volume = {14},
  issue = {6},
  pages = {1667--1672},
  numpages = {0},
  year = {1976},
  month = {Sep},
  publisher = {American Physical Society},
  doi = {10.1103/PhysRevD.14.1667},
  url = {http://link.aps.org/doi/10.1103/PhysRevD.14.1667}
}

@techreport{ambiguity,
      title         = "{Expected photon performance in the ATLAS experiment}",
      institution   = "CERN",
      address       = "Geneva",
      number        = "ATL-PHYS-PUB-2011-007",
      month         = "Apr",
      year          = "2011",
      reportNumber  = "ATLAS-COM-CONF-2016-051",
      url           = "http://cds.cern.ch/record/1345329",
}

@techreport{ATL-PHYS-PUB-2015-037_extra,
      title         = "{Muon reconstruction performance in early √s=13 TeV data}",
      institution   = "CERN",
      address       = "Geneva",
      number        = "ATL-PHYS-PUB-2015-037",
      month         = "Aug",
      year          = "2015",
      reportNumber  = "ATL-PHYS-PUB-2015-037",
      url           = "https://cds.cern.ch/record/2047831",
}



@article{Drewes:2013gca,
      author         = "Drewes, Marco",
      title          = "{The Phenomenology of Right Handed Neutrinos}",
      journal        = "Int. J. Mod. Phys.",
      volume         = "E22",
      year           = "2013",
      pages          = "1330019",
      doi            = "10.1142/S0218301313300191",
      eprint         = "1303.6912",
      archivePrefix  = "arXiv",
      primaryClass   = "hep-ph",
      reportNumber   = "TUM-HEP-881-13",
      SLACcitation   = "%%CITATION = ARXIV:1303.6912;%%"
}





@misc{ATLAS:2016iqc,
      author         = "CERN",
      title          = "{Electron efficiency measurements with the ATLAS detector
                        using the 2015 LHC proton-proton collision data. ATLAS-CONF-2016-024}",
      collaboration  = "ATLAS",
      year           = "2016",
      reportNumber   = "ATLAS-CONF-2016-024",
      SLACcitation   = "%%CITATION = ATLAS-CONF-2016-024;%%"
}




@misc{ATLAS:2016fks,
      author         = "CERN",
      title          = "{Search for Supersymmetry in events with photons, jets
                        and missing transverse energy with the ATLAS detector in
                        13 TeV pp collisions. ATLAS-CONF-2016-066}",
      collaboration  = "ATLAS",
      year           = "2016",
      reportNumber   = "ATLAS-CONF-2016-066",
      SLACcitation   = "%%CITATION = ATLAS-CONF-2016-066;%%"
}




@article{Kartvelishvili:2007zz,
      author         = "Kartvelishvili, V.",
      title          = "{Electron bremsstrahlung recovery in ATLAS}",
      booktitle      = "{Proccedings, 10th Topical Seminar on Innovative Particle
                        and Radiation Detectors (IPRD06),
                          title = {Siena, Italy, 1-5}
                        }
                        October 2006}",
      collaboration  = "ATLAS",
      journal        = "Nucl. Phys. Proc. Suppl.",
      volume         = "172",
      year           = "2007",
      pages          = "208-211",
      doi            = "10.1016/j.nuclphysbps.2007.08.137",
      SLACcitation   = "%%CITATION = NUPHZ,172,208;%%"
}

@misc{drfran,
      note         = "Comunicación privada del Dr. Francisco Alonso"
}

@techreport{Monticelli:2227992,
      author        = "Monticelli, Fernando",
      title         = "{The Upgrade of the ATLAS Electron and Photon Triggers for
                       LHC Run 2 and their Performance}",
      institution   = "CERN",
      collaboration = "ATLAS",
      address       = "Geneva",
      number        = "ATL-DAQ-PROC-2016-016",
      month         = "Oct",
      year          = "2016",
      reportNumber  = "ATL-DAQ-PROC-2016-016",
      url           = "https://cds.cern.ch/record/2227992",
}

@techreport{Schumm:1994343,
      author        = "Schumm, Bruce and Mitrevski, Jovan and Nielsen, Jason and
                       Fowler, Susan Joy and Reece, Ryan and Dova, Maria-Teresa
                       and Alonso, Francisco and Tripiana, Martin and Kuhl, Andrew
                       and Abbott, Brad and Arduh, Francisco Anuar and Norberg,
                       Scarlet and Wahlberg, Hernan and Auerbach, Benjamin and
                       Jinnouchi, Osamu and Litke, Alan and Mistry, Khilesh Pradip
                       and Przysiezniak, Helenka and Schier, Sheena and Williams,
                       Hugh",
      title         = "{Search for photonic signatures of gauge-mediated
                       supersymmetry in 8 TeV pp collisions with the ATLAS
                       detector}",
      institution   = "CERN",
      address       = "Geneva",
      number        = "ATL-COM-PHYS-2015-139",
      month         = "Feb",
      year          = "2015",
      reportNumber  = "ATL-COM-PHYS-2015-139",
      url           = "https://cds.cern.ch/record/1994343",
}


@article{Das:2016stf,
      author         = "Das, Souvik",
      title          = "{A simple alternative to the Crystal Ball function}",
      year           = "2016",
      eprint         = "1603.08591",
      archivePrefix  = "arXiv",
      primaryClass   = "hep-ex",
      SLACcitation   = "%%CITATION = ARXIV:1603.08591;%%"
}




@article{PhysRevLett.19.1264,
  title = {A Model of Leptons},
  author = {Weinberg, Steven},
  journal = {Phys. Rev. Lett.},
  volume = {19},
  issue = {21},
  pages = {1264--1266},
  numpages = {0},
  year = {1967},
  month = {Nov},
  publisher = {American Physical Society},
  doi = {10.1103/PhysRevLett.19.1264},
  url = {https://link.aps.org/doi/10.1103/PhysRevLett.19.1264}
}

@article{salam,
  title = "{Elementary Particle Physics: Relativistic Groups and Analyticity. Eighth Nobel Symposium.}",
  author = {Salam, A.},
  editor = "N. Svartholm",
  year = {1968},
}

@article{PhysRevLett.13.321,
  title = {Broken Symmetry and the Mass of Gauge Vector Mesons},
  author = {Englert, F. and Brout, R.},
  journal = {Phys. Rev. Lett.},
  volume = {13},
  issue = {9},
  pages = {321--323},
  numpages = {0},
  year = {1964},
  month = {Aug},
  publisher = {American Physical Society},
  doi = {10.1103/PhysRevLett.13.321},
  url = {https://link.aps.org/doi/10.1103/PhysRevLett.13.321}
}

@article{PhysRevLett.13.508,
  title = {Broken Symmetries and the Masses of Gauge Bosons},
  author = {Higgs, Peter W.},
  journal = {Phys. Rev. Lett.},
  volume = {13},
  issue = {16},
  pages = {508--509},
  numpages = {0},
  year = {1964},
  month = {Oct},
  publisher = {American Physical Society},
  doi = {10.1103/PhysRevLett.13.508},
  url = {https://link.aps.org/doi/10.1103/PhysRevLett.13.508}
}

@article{PhysRevLett.13.585,
  title = {Global Conservation Laws and Massless Particles},
  author = {Guralnik, G. S. and Hagen, C. R. and Kibble, T. W. B.},
  journal = {Phys. Rev. Lett.},
  volume = {13},
  issue = {20},
  pages = {585--587},
  numpages = {0},
  year = {1964},
  month = {Nov},
  publisher = {American Physical Society},
  doi = {10.1103/PhysRevLett.13.585},
  url = {https://link.aps.org/doi/10.1103/PhysRevLett.13.585}
}

@techreport{Cornelissen:1020106,
      author        = "Cornelissen, T. and Elsing, M. and Fleischmann, S. and
                       Liebig, W. and Moyse, E. and Salzburger, A.",
      title         = "{Concepts, Design and Implementation of the ATLAS New
                       Tracking (NEWT)}",
      institution   = "CERN",
      address       = "Geneva",
      reportNumber  = "ATL-SOFT-PUB-2007-007, ATL-COM-SOFT-2007-002",
      month         = "Mar",
      year          = "2007",
      url           = "https://cds.cern.ch/record/1020106",
      note          = "All figures including auxiliary figures are available at
                       https://atlas.web.cern.ch/Atlas/GROUPS/PHYSICS/PUBNOTES/ATL-SOFT-PUB-2007-007",
}

@article{FRUHWIRTH1987444,
title = {Application of Kalman filtering to track and vertex fitting},
journal = {Nuclear Instruments and Methods in Physics Research Section A: Accelerators, Spectrometers, Detectors and Associated Equipment},
volume = {262},
number = {2},
pages = {444-450},
year = {1987},
issn = {0168-9002},
doi = {https://doi.org/10.1016/0168-9002(87)90887-4},
url = {https://www.sciencedirect.com/science/article/pii/0168900287908874},
author = {R. Frühwirth},
abstract = {Recently iterative procedures have been proposed for track and vertex fitting in counter experiments. We show that the proper theoretical framework for these procedures is the theory of linear filtering, in particular the Kalman filter. Using results from filtering theory we confirm and extend the previous results. We also discuss the detection of outliers and of secondary vertices.}
}

@article{Cornelissen:1176901,
      author        = "Cornelissen, T. G. and Elsing, M. and Gavrilenko, I. and
                       Laporte, J. F. and Liebig, W. and Limper, M. and Nikolopoulos,
                       K. and Poppleton, A. and Salzburger, A.",
      title         = "{The global $\chi^2$ track fitter in ATLAS}",
      journal       = "J. Phys.: Conf. Ser.",
      volume        = "119",
      pages         = "032013",
      year          = "2008",
      url           = "https://cds.cern.ch/record/1176901",
      doi           = "10.1088/1742-6596/119/3/032013",
}

@article{Cacciari_2008,
      doi = {10.1016/j.physletb.2007.09.077},
      url = {https://doi.org/10.1016%2Fj.physletb.2007.09.077},
      year = 2008,
      month = {jan},
      publisher = {Elsevier {BV}},
      volume = {659},
      number = {1-2},
      pages = {119--126},
      author = {Matteo Cacciari and Gavin P. Salam},
      title = {Pileup subtraction using jet areas},
      journal = {Physics Letters B}
}

@article{Krohn_2010,
      doi = {10.1007/jhep02(2010)084},
      url = {https://doi.org/10.1007%2Fjhep02%282010%29084},
      year = 2010,
      month = {feb},
      publisher = {Springer Science and Business Media {LLC}},
      volume = {2010},
      number = {2},
      author = {David Krohn and Jesse Thaler and Lian-Tao Wang},
      title = {Jet trimming},
      journal = {Journal of High Energy Physics}
}

@article{Casadei_2012,
      doi = {10.1088/1748-0221/7/08/p08021},
      url = {https://doi.org/10.1088%2F1748-0221%2F7%2F08%2Fp08021},
      year = 2012,
      month = {aug},
      publisher = {{IOP} Publishing},
      volume = {7},
      number = {08},
      pages = {P08021--P08021},
      author = {D. Casadei},
      title = {Estimating the selection efficiency},
      journal = {Journal of Instrumentation}
}



@article{ALICE:2008ngc,
    author = "Aamodt, K. and others",
    collaboration = "ALICE",
    title = "{The ALICE experiment at the CERN LHC}",
    doi = "10.1088/1748-0221/3/08/S08002",
    journal = "JINST",
    volume = "3",
    pages = "S08002",
    year = "2008"
}

@article{LHCb:2008vvz,
    author = "Alves, Jr., A. Augusto and others",
    collaboration = "LHCb",
    title = "{The LHCb Detector at the LHC}",
    reportNumber = "LHCb-DP-2008-001",
    doi = "10.1088/1748-0221/3/08/S08005",
    journal = "JINST",
    volume = "3",
    pages = "S08005",
    year = "2008"
}


@article{tenKate:409763,
      author        = "ten Kate, H H J",
      title         = "{Superconducting magnet system for the ATLAS detector at
                       CERN}",
      journal       = "IEEE Trans. Appl. Supercond.",
      collaboration = "ATLAS Collaboration",
      reportNumber  = "2, pt.1",
      volume        = "9",
      pages         = "841-846",
      year          = "1999",
      url           = "https://cds.cern.ch/record/409763",
      doi           = "10.1109/77.783428",
}


@article{Achenbach:2008zzb,
    author = "Achenbach, R. and others",
    title = "{The ATLAS level-1 calorimeter trigger}",
    reportNumber = "ATL-DAQ-PUB-2008-001, ATL-COM-DAQ-2008-002",
    doi = "10.1088/1748-0221/3/03/P03001",
    journal = "JINST",
    volume = "3",
    pages = "P03001",
    year = "2008"
}


@article{grid,
author = {Shiers, Jamie},
year = {2007},
month = {07},
pages = {219-223},
title = {The Worldwide LHC Computing Grid (worldwide LCG)},
volume = {177},
journal = {Computer Physics Communications},
doi = {10.1016/j.cpc.2007.02.021}
}

@article{analysistools,
author = {Lenzi, Bruno},
year = {2012},
month = {12},
pages = {},
title = {The Physics Analysis Tools project for the ATLAS experiment},
volume = {1504},
doi = {10.1063/1.4771862}
}


@article{Calafiura:865624,
      author        = "Calafiura, P and Lavrijsen, W and Leggett, C and Marino, M
                       and Quarrie, D",
      title         = "{The Athena Control Framework in Production, New
                       Developments and Lessons Learned}",
      year          = "2005",
      url           = "https://cds.cern.ch/record/865624",
      doi           = "10.5170/CERN-2005-002.456",
}

@article{GRIBOV197178,
title = {Deep inelastic electron scattering in perturbation theory},
journal = {Physics Letters B},
volume = {37},
number = {1},
pages = {78-80},
year = {1971},
issn = {0370-2693},
doi = {https://doi.org/10.1016/0370-2693(71)90576-4},
url = {https://www.sciencedirect.com/science/article/pii/0370269371905764},
author = {V.N. Gribov and L.N. Lipatov},
abstract = {Deep inelastic ep scattering and deep inelastic annihilation cross sections have been found in vector and pseudo-scalar meson theories assuming the coupling constant g2⪡1, but g2 ln q2∼1. It is shown that in a vector theory, despite a rapid drop of electromagnetic form factors, the ep deep inelastic scattering amplitudes increase with q2 at fixed ω.}
}


@article{Lipatov:1974qm,
    author = "Lipatov, L. N.",
    title = "{The parton model and perturbation theory}",
    journal = "Yad. Fiz.",
    volume = "20",
    pages = "181--198",
    year = "1974"
}

@book{qcd_collider, 
      place={Cambridge}, 
      series={Cambridge Monographs on Particle Physics, Nuclear Physics and Cosmology},
      title={QCD and Collider Physics},
      DOI={10.1017/CBO9780511628788},
      publisher={Cambridge University Press},
      author={Ellis, R. K. and Stirling, W. J. and Webber, B. R.},
      year={1996},
      collection={Cambridge Monographs on Particle Physics, Nuclear Physics and Cosmology}
}



@article{PhysRevLett.23.1415,
  title = {Very High-Energy Collisions of Hadrons},
  author = {Feynman, Richard P.},
  journal = {Phys. Rev. Lett.},
  volume = {23},
  issue = {24},
  pages = {1415--1417},
  numpages = {0},
  year = {1969},
  month = {Dec},
  publisher = {American Physical Society},
  doi = {10.1103/PhysRevLett.23.1415},
  url = {https://link.aps.org/doi/10.1103/PhysRevLett.23.1415}
}


@article{PhysRev.185.1975,
  title = {Inelastic Electron-Proton and $\ensuremath{\gamma}$-Proton Scattering and the Structure of the Nucleon},
  author = {Bjorken, J. D. and Paschos, E. A.},
  journal = {Phys. Rev.},
  volume = {185},
  issue = {5},
  pages = {1975--1982},
  numpages = {0},
  year = {1969},
  month = {Sep},
  publisher = {American Physical Society},
  doi = {10.1103/PhysRev.185.1975},
  url = {https://link.aps.org/doi/10.1103/PhysRev.185.1975}
}



@article{Martin_2010,
      doi = {10.1140/epjc/s10052-010-1462-8},
      url = {https://doi.org/10.1140%2Fepjc%2Fs10052-010-1462-8},
      year = 2010,
      month = {oct},
      publisher = {Springer Science and Business Media {LLC}},
      volume = {70},
      number = {1-2},
      pages = {51--72},
      author = {A. D. Martin and W. J. Stirling and R. S. Thorne and G. Watt},
      title = {Heavy-quark mass dependence in global {PDF} analyses and~3-~and~4-flavour parton distributions},
      journal = {The European Physical Journal C}
}

@proceedings{tHooft:1980xss,
    editor = "'t Hooft, Gerard and Itzykson, C. and Jaffe, A. and Lehmann, H. and Mitter, P. K. and Singer, I. M. and Stora, R.",
    title = "{Recent Developments in Gauge Theories. Proceedings, Nato Advanced Study Institute, Cargese, France, August 26 - September 8, 1979}",
    doi = "10.1007/978-1-4684-7571-5",
    volume = "59",
    pages = "pp.1--438",
    year = "1980"
}


@article{Dine:1981gu,
    author = "Dine, Michael and Fischler, Willy",
    title = "{A Phenomenological Model of Particle Physics Based on Supersymmetry}",
    reportNumber = "PRINT-82-0029 (IAS,PRINCETON)",
    doi = "10.1016/0370-2693(82)91241-2",
    journal = "Phys. Lett. B",
    volume = "110",
    pages = "227--231",
    year = "1982"
}

@article{ALVAREZGAUME198296,
title = {Low-energy supersymmetry},
journal = {Nuclear Physics B},
volume = {207},
number = {1},
pages = {96-110},
year = {1982},
issn = {0550-3213},
doi = {https://doi.org/10.1016/0550-3213(82)90138-9},
url = {https://www.sciencedirect.com/science/article/pii/0550321382901389},
author = {Luis Alvarez-Gaumé and Mark Claudson and Mark B. Wise},
abstract = {We discuss the problem of constructing a model in which supersymmetry is unbroken down to low energies. It is suggested that the scalar partners of quarks and leptons may get their masses through radiative corrections and that the breaking of the weak interactions also occurs through radiative corrections. A toy model is constructed which illustrates these ideas.}
}

@article{Nappi:1982hm,
    author = "Nappi, Chiara R. and Ovrut, Burt A.",
    title = "{Supersymmetric Extension of the SU(3) x SU(2) x U(1) Model}",
    reportNumber = "PRINT-82-0093 (IAS,PRINCETON)",
    doi = "10.1016/0370-2693(82)90418-X",
    journal = "Phys. Lett. B",
    volume = "113",
    pages = "175--179",
    year = "1982"
}

@ARTICLE{einstein,
       author = {{Einstein}, A.},
        title = "{{\"U}ber einen die Erzeugung und Verwandlung des Lichtes betreffenden heuristischen Gesichtspunkt}",
      journal = {Annalen der Physik},
         year = 1905,
        month = jan,
       volume = {322},
       number = {6},
        pages = {132-148},
          doi = {10.1002/andp.19053220607},
       adsurl = {https://ui.adsabs.harvard.edu/abs/1905AnP...322..132E},
      adsnote = {Provided by the SAO/NASA Astrophysics Data System}
}


@Article{gluon,
   title="{$\Upsilon$(9.46 GeV) and the gluon discovery (a critical recollection of PLUTO results)}",
   volume={36},
   ISSN={2102-6467},
   url={http://dx.doi.org/10.1140/epjh/e2011-10029-3},
   DOI={10.1140/epjh/e2011-10029-3},
   number={2},
   journal={The European Physical Journal H},
   publisher={Springer Science and Business Media LLC},
   author={Stella, Bruno R. and Meyer, Hans-Jürgen},
   year={2011},
   month={Sep},
   pages={203–243} 
}

@article{Purcell:1473657,
      author        = "Andrew Purcell",
      title         = "{Go on a particle quest at the first CERN webfest. Le
                       premier webfest du CERN se lance à la conquête des
                       particules}",
      reportNumber  = "BUL-NA-2012-269, 35/2012",
      pages         = "10",
      month         = "Aug",
      year          = "2012",
      url           = "https://cds.cern.ch/record/1473657",
}

@article{Noether1918,
author = {Noether, E.},
journal = {Nachrichten von der Gesellschaft der Wissenschaften zu Göttingen, Mathematisch-Physikalische Klasse},
language = {ger},
pages = {235-257},
title = {Invariante Variationsprobleme},
url = {http://eudml.org/doc/59024},
volume = {1918},
year = {1918},
}


@book{gkane,
  title     = "Modern Elementary Particle Physics: Explaining and Extending the Standard Model, 2nd Edition",
  author    = "G. Kane",
  year      = 2019,
}

@article{lepton_uni_1,
   title={A challenge to lepton universality in B-meson decays},
   volume={546},
   ISSN={1476-4687},
   url={http://dx.doi.org/10.1038/nature22346},
   DOI={10.1038/nature22346},
   number={7657},
   journal={Nature},
   publisher={Springer Science and Business Media LLC},
   author={Ciezarek, Gregory and Franco Sevilla, Manuel and Hamilton, Brian and Kowalewski, Robert and Kuhr, Thomas and Lüth, Vera and Sato, Yutaro},
   year={2017},
   month={Jun},
   pages={227–233} 
}


@misc{lepton_uni_2,
      title={Test of lepton universality in beauty-quark decays}, 
      author={LHCb collaboration and R. Aaij and others},
      year={2021},
      eprint={2103.11769},
      archivePrefix={arXiv},
      primaryClass={hep-ex}
}

@article{lepton_uni_3,
   title={Patterns of New Physics in b → sℓ+ℓ− transitions in the light of recent data},
   volume={2018},
   ISSN={1029-8479},
   url={http://dx.doi.org/10.1007/JHEP01(2018)093},
   DOI={10.1007/jhep01(2018)093},
   number={1},
   journal={Journal of High Energy Physics},
   publisher={Springer Science and Business Media LLC},
   author={Capdevila, Bernat and Crivellin, Andreas and Descotes-Genon, Sébastien and Matias, Joaquim and Virto, Javier},
   year={2018},
   month={Jan} }


@article{Muong-2:2021ojo,
    author = "Abi, B. and others",
    collaboration = "Muon g-2",
    title = "{Measurement of the Positive Muon Anomalous Magnetic Moment to 0.46 ppm}",
    eprint = "2104.03281",
    archivePrefix = "arXiv",
    primaryClass = "hep-ex",
    reportNumber = "FERMILAB-PUB-21-132-E",
    doi = "10.1103/PhysRevLett.126.141801",
    journal = "Phys. Rev. Lett.",
    volume = "126",
    number = "14",
    pages = "141801",
    year = "2021"
}

@misc{sm_xs_web,
  author = {CERN},
  collaboration  = "ATLAS",
  title = "{Summary plots from the ATLAS Standard Model physics group}",
  howpublished = "\url{https://atlas.web.cern.ch/Atlas/GROUPS/PHYSICS/CombinedSummaryPlots/SM}",
}


@misc{susy_xs_web,
  author = {CERN},
  collaboration  = "{ATLAS}",
  title = "{LHC SUSY Cross Section Working Group}",
  howpublished = "\url{https://twiki.cern.ch/twiki/bin/view/LHCPhysics/SUSYCrossSections}",
}

@misc{susy_xs_limits,
  author = {CERN},
  collaboration  = "{ATLAS}",
  title = "{Summary plots from the ATLAS Supersymmetry physics group}",
  howpublished = "\url{https://atlaspo.cern.ch/public/summary_plots/}",
}



@phdthesis{Tripiana:1433788,
      author        = "Tripiana, Martín",
      title         = "{Medida de la sección eficaz de producción de fotones
                       directos aislados en colisiones pp a $\sqrt{s}=7$ TeV en el
                       experimento ATLAS}",
      school        = "Universidad Nacional de La Plata",
      year          = "2012",
      url           = "https://cds.cern.ch/record/1433788",
}


@phdthesis{Alonso:2147473,
      author        = "Alonso, Francisco",
      title         = "{Búsqueda de Supersimetría en eventos con un fotón,
                       jets y energía faltante con el detector ATLAS}",
      school        = "Universidad Nacional de La Plata",
      year          = "2016",
      url           = "https://cds.cern.ch/record/2147473",
}

@thesis{Anduaga:1433401,
      author        = "Anduaga, Xabier",
      title         = "{Búsqueda de Dimensiones Espaciales Extras: Estudio del
                       Estado Final de Dos Fotones en el Experimento ATLAS}",
      school        = "Universidad Nacional de La Plata",
      year          = "2012",
      url           = "https://cds.cern.ch/record/1433401",
}

@phdthesis{tesis_joaco,
      author        = "Hoya, Joaquín",
      title         = "{Búsqueda de supersimetría en el detector ATLAS (CERN-LHC)}",
      school        = "Universidad Nacional de La Plata",
      year          = "2020",
      url           = "http://sedici.unlp.edu.ar/handle/10915/95514",
}


@phdthesis{tesis_tony,
      author        = "Arduh, Francisco Anuar",
      title         = "{Búsqueda de supersimetría en procesos con un fotón, electrón/muón y energía perdida en estado final con el detector ATLAS del LHC}",
      school        = "Universidad Nacional de La Plata",
      year          = "2018",
      url           = "http://sedici.unlp.edu.ar/handle/10915/73677",
}

@phdthesis{tesis_fer,
      author        = "Monticelli, Fernando Gabriel",
      title         = "{Producción de $J/\Psi\to e^+e^-$ en ATLAS a $\sqrt{s}=7$ TeV}",
      school        = "Universidad Nacional de La Plata",
      year          = "2011",
      url           = "http://sedici.unlp.edu.ar/handle/10915/73677",
}



@phdthesis{Wahlberg:2005gi,
    author = "Wahlberg, Hernan Pablo",
    title = "{Bottom Production at $\sqrt{s}$ = 41.6 GeV}",
    reportNumber = "THESIS-WAHLBERG",
    school = "Utrecht University",
    year = "2005"
}

@mastersthesis{tesis_gonza,
      author        = "Orellana, Gonzalo Enrique",
      title         = "{Estudios de fondos de electrones reconstruidos como fotones en búsquedas de supersimetría con el detector ATLAS}",
      school        = "Universidad Nacional de La Plata",
      year          = "2017",
      url           = "http://sedici.unlp.edu.ar/handle/10915/89752",
}

@phdthesis{tesis_jose,
      author        = "Alconada Verzini, María Josefina",
      title         = "{Estudio de las propiedades del bosón de Higgs en el canal $H\to\gamma\gamma$ con el detector ATLAS del LHC}",
      school        = "Universidad Nacional de La Plata",
      year          = "2018",
      url           = "http://sedici.unlp.edu.ar/handle/10915/60323",
}

@article{Catani_2001,
      doi = {10.1088/1126-6708/2001/11/063},
      url = {https://doi.org/10.1088%2F1126-6708%2F2001%2F11%2F063},
      year = 2001,
      month = {nov},
      publisher = {Springer Science and Business Media {LLC}},
      volume = {2001},
      number = {11},
      pages = {063--063},
      author = {Stefano Catani and Frank Krauss and Bryan R Webber and Ralf Kuhn},
      title = {{QCD} Matrix Elements + Parton Showers},
      journal = {Journal of High Energy Physics}
}

@article{Krauss_2002,
      doi = {10.1088/1126-6708/2002/08/015},
      url = {https://doi.org/10.1088%2F1126-6708%2F2002%2F08%2F015},
      year = 2002,
      month = {aug},
      publisher = {Springer Science and Business Media {LLC}},
      volume = {2002},
      number = {08},
      pages = {015--015},
      author = {Frank Krauss},
      title = {Matrix Elements and Parton Showers in Hadronic Interactions},
      journal = {Journal of High Energy Physics}
}


@article{Mangano_2003,
      doi = {10.1088/1126-6708/2003/07/001},
      url = {https://doi.org/10.1088%2F1126-6708%2F2003%2F07%2F001},
      year = 2003,
      month = {jul},
      publisher = {Springer Science and Business Media {LLC}},
      volume = {2003},
      number = {07},
      pages = {001--001},
      author = {Michelangelo L Mangano and Fulvio Piccinini and Antonio D Polosa and Mauro Moretti and Roberto Pittau},
      title = {{ALPGEN}, a generator for hard multiparton processes in hadronic collisions},
      journal = {Journal of High Energy Physics}
}

@article{mc_simulation,
title="{Stefan Höche. Introduction to parton-shower event generators, 2014.}",
}

@article{Lukas_2012,
      doi = {10.1088/1742-6596/396/2/022031},
      url = {https://doi.org/10.1088/1742-6596/396/2/022031},
      year = 2012,
      month = {dec},
      publisher = {{IOP} Publishing},
      volume = {396},
      number = {2},
      pages = {022031},
      author = {Wolfgang Lukas},
      title = {Fast Simulation for {ATLAS}: Atlfast-{II} and {ISF}},
      journal = {Journal of Physics: Conference Series},
      abstract = {Monte Carlo simulations of physics events, including detailed simulation of the detector response, are indispensable for every analysis of high-energy physics experiments. As these simulated data sets must be both large and precise, their production is a CPU-intensive task. Increasing the recorded luminosity at the Large Hadron Collider (LHC), and hence the amount of data to be analyzed, leads to a steadily rising demand for simulated MC statistics for systematics and background studies. These huge MC requirements for more refined physics analyses can only be met through the implementation of fast simulation strategies which enable faster production of large MC samples. ATLAS has developed full and fast detector simulation techniques to achieve this goal within the computing limits of the collaboration. We present Atlfast-II which uses the FastCaloSim package in the calorimeter and reduces the simulation time by one order of magnitude by means of parameterizations of the longitudinal and lateral energy profile, and Atlfast-IIF with the fast track simulation engine Fatras, which achieves a further simulation time reduction of one order of magnitude in the Inner Detector and Muon System. Finally we present the new Integrated Simulation Framework (ISF) which is based on the requirement to allow to run all simulation types in the same job, even within the same sub-detector, for different particles. The ISF is designed to be extensible to new simulation types as well as the application of parallel computing techniques in the future. It can be easily configured by the user to find an optimal balance between precision and execution time, according to the specific physics requirements for their analysis.}
}

@article{higgs_mass,
   title={Combined Measurement of the Higgs Boson Mass inppCollisions ats=7and 8 TeV with the ATLAS and CMS Experiments},
   volume={114},
   ISSN={1079-7114},
   url={http://dx.doi.org/10.1103/PhysRevLett.114.191803},
   DOI={10.1103/physrevlett.114.191803},
   number={19},
   journal={Physical Review Letters},
   publisher={American Physical Society (APS)},
   year={2015},
   month={May} 
}


@book{Dittmaier:1416519,
      author        = "Dittmaier, S. and Mariotti, C. and Passarino, G. and
                       Tanaka, R. and Alekhin, S. and Alwall, J. and Bagnaschi,
                       E.A. and Banfi, A. and Blumlein, J. and Bolognesi, S. and
                       Chanon, N. and Cheng, T. and Cieri, L. and Cooper-Sarkar,
                       A.M. and Cutajar, M. and Dawson, S. and Davies, G. and De
                       Filippis, N. and Degrassi, G. and Denner, A. and
                       D'Enterria, D. and Diglio, S. and Di Micco, B. and Di
                       Nardo, R. and Ellis, R.K. and Farilla, A. and Farrington,
                       S. and Felcini, M. and Ferrera, G. and Flechl, M. and de
                       Florian, D. and Forte, S. and Ganjour, S. and Garzelli,
                       M.V. and Gascon-Shotkin, S. and Glazov, S. and Goria, S.
                       and Grazzini, M. and Guillet, J.Ph. and Hackstein, C. and
                       Hamilton, K. and Harlander, R. and Hauru, M. and
                       Heinemeyer, S. and Hoche, S. and Huston, J. and Jackson, C.
                       and Jimenez-Delgado, P. and Joergensen, M.D. and Kado, M.
                       and Kallweit, S. and Kardos, A. and Kauer, N. and Kim, H.
                       and Kovac, M. and Kramer, M. and Krauss, F. and Kuo, C.M.
                       and Lehti, S. and Li, Q. and Lorenzo, N. and Maltoni, F.
                       and Mellado, B. and Moch, S.O. and Muck, A. and
                       Muhlleitner, M. and Nadolsky, P. and Nason, P. and Neu, C.
                       and Nikitenko, A. and Oleari, C. and Olsen, J. and Palmer,
                       S. and Paganis, S. and Papadopoulos, C.G. and Petersen,
                       T.C. and Petriello, F. and Petrucci, F. and Piacquadio, G.
                       and Pilon, E. and Potter, C.T. and Price, J. and Puljak, I.
                       and Quayle, W. and Radescu, V. and Rebuzzi, D. and Reina,
                       L. and Rojo, J. and Rosco, D. and Salam, G.P. and Sapronov,
                       A. and Schaarschmidt, J. and Schonherr, M. and Schumacher,
                       M. and Siegert, F. and Slavich, P. and Spira, M. and
                       Stewart, I.W. and Stirling, W.J. and Stockli, F. and Sturm,
                       C. and Tackmann, F.J. and Thorne, R.S. and Tommasini, D.
                       and Torrielli, P. and Tramontano, F. and Trocsanyi, Z. and
                       Ubiali, M. and Uccirati, S. and Vazquez Acosta, M. and
                       Vickey, T. and Vicini, A. and Waalewijn, W.J. and
                       Wackeroth, D. and Warsinsky, M. and Weber, M. and
                       Wiesemann, M. and Weiglein, G. and Yu, J. and Zanderighi,
                       G.",
      title         = "{Handbook of LHC Higgs Cross Sections: 2. Differential
                       Distributions}",
      publisher     = "CERN",
      collaboration = "LHC Higgs Cross Section Working Group",
      address       = "Geneva",
      series        = "CERN Yellow Reports: Monographs",
      year          = "2012",
      url           = "http://cds.cern.ch/record/1416519",
      note          = "The authors dedicate this Report to the memory of Robert
                       Brout and Simon van der Meer.",
      doi           = "10.5170/CERN-2012-002",
}



@article{Avoni:2018iuv,
    author = "Avoni, G. and others",
    title = "{The new LUCID-2 detector for luminosity measurement and monitoring in ATLAS}",
    doi = "10.1088/1748-0221/13/07/P07017",
    journal = "JINST",
    volume = "13",
    number = "07",
    pages = "P07017",
    year = "2018"
}




@techreport{vanderMeer:296752,
      author        = "van der Meer, S.",
      title         = "{Calibration of the effective beam height in the ISR}",
      institution   = "CERN",
      address       = "Geneva",
      reportNumber  = "CERN-ISR-PO-68-31, ISR-PO-68-31",
      year          = "1968",
      url           = "https://cds.cern.ch/record/296752",
}


@article{Grafstrom:2153734,
      author        = "Grafström, P. and Kozanecki, W.",
      title         = "{Luminosity determination at proton colliders}",
      journal       = "Prog. Part. Nucl. Phys.",
      volume        = "81",
      pages         = "97-148. 52 p",
      year          = "2015",
      url           = "https://cds.cern.ch/record/2153734",
      doi           = "10.1016/j.ppnp.2014.11.002",
}



@article{lhapdf,
   title={LHAPDF6: parton density access in the LHC precision era},
   volume={75},
   ISSN={1434-6052},
   url={http://dx.doi.org/10.1140/epjc/s10052-015-3318-8},
   DOI={10.1140/epjc/s10052-015-3318-8},
   number={3},
   journal={The European Physical Joaurnal C},
   publisher={Springer Science and Business Media LLC},
   author={Buckley, Andy and Ferrando, James and Lloyd, Stephen and Nordström, Karl and Page, Ben and Rüfenacht, Martin and Schönherr, Marek and Watt, Graeme},
   year={2015},
   month={Mar} 
}


@article{lumi_13tev,
    collaboration = "ATLAS",
    title = "{Luminosity determination in $pp$ collisions at $\sqrt{s}=13$ TeV using the ATLAS detector at the LHC}",
    reportNumber = "ATLAS-CONF-2019-021",
    month = "6",
    year = "2019"
}


@phdthesis{lhc_periods,
author = {Niemi, Arto},
year = {2019},
month = {04},
pages = {},
title = {Modeling Future Hadron Colliders’ Availability for Physics},
doi = {10.5281/zenodo.2632681}
}

@unpublished{Pequenao:1095924,
      author        = "Joao Pequenao",
      title         = "{Computer generated image of the whole ATLAS detector}",
      month         = "Mar",
      year          = "2008",
      url           = "https://cds.cern.ch/record/1095924",
}


@article{Lopienska:2800984,
      author        = "Lopienska, Ewa",
      title         = "{The CERN accelerator complex - January 2022. Complexe des
                       accélérateurs du CERN - Janvier 2022}",
      month         = "Feb",
      year          = "2022",
      url           = "https://cds.cern.ch/record/2800984",
      note          = "General Photo",
}


@phdthesis{magnet_system,
author = {Julien Songeon},
title = {Improving particle-flow stability to pile-up using machine learning},
url = {http://dpnc.unige.ch/MASTERS/MASTER_SONGEON.pdf}
}

@misc{atlas_coordinates,
      author = "{Izaak Neutelings}",
      title = "{TikZ.net, CMS coordinate system}",
      howpublished = "\url{https://tikz.net/axis3d_cms/}",
}


@unpublished{Pequenao:1095926,
      author        = "Joao Pequenao",
      title         = "{Computer generated image of the ATLAS inner detector}",
      month         = "Mar",
      year          = "2008",
      url           = "https://cds.cern.ch/record/1095926",
}

@techreport{Kayl:1298112,
      author        = "Kayl, Manuel",
      title         = "{Tracking Performance of the ATLAS Inner Detector and
                       Observation of Known Hadrons}",
      collaboration = "on behalf of the ATLAS Collaboration",
      archivePrefix = "arXiv",
      eprint        = "1010.1091",
      month         = "Oct",
      year          = "2010",
      url           = "https://cds.cern.ch/record/1298112",
      note          = "Comments: Proceedings for the HCP2010 conference",
}

@article{Takubo:1957197,
      author        = "Takubo, Y.",
      title         = "{The Pixel Detector of the ATLAS experiment for the Run2
                       at the Large Hadron Collider}",
      journal       = "JINST",
      collaboration = "for the ATLAS collaboration",
      archivePrefix = "arXiv",
      eprint        = "1411.5338",
      volume        = "10",
      pages         = "C02001. 9 p",
      month         = "Oct",
      year          = "2014",
      url           = "https://cds.cern.ch/record/1957197",
      note          = "9 pages, 6 figures, 1 table, Proceedings of PSD10: The
                       10th International Conference on Position Sensitive
                       Detectors",
      doi           = "10.1088/1748-0221/10/02/C02001",
}


@unpublished{Pequenao:1095927,
      author        = "Joao Pequenao",
      title         = "{Computer Generated image of the ATLAS calorimeter}",
      month         = "Mar",
      year          = "2008",
      url           = "https://cds.cern.ch/record/1095927",
}

@unpublished{Pequenao:1095929,
      author        = "Joao Pequenao",
      title         = "{Computer generated image of the ATLAS Muons subsystem}",
      month         = "Mar",
      year          = "2008",
      url           = "https://cds.cern.ch/record/1095929",
}


@misc{lumi_plot,
      author = {CERN},
      collaboration  = "{ATLAS}",
      title = "{ATLAS luminosity measurements in Run-2}",
      howpublished = "\url{https://twiki.cern.ch/twiki/bin/view/AtlasPublic/LuminosityPublicResultsRun2}",
}

@misc{tdaq_plot,
      author = {CERN},
      collaboration  = "{ATLAS}",
      title = "{ATLAS DAQ/HLT public plots}",
      howpublished = "\url{https://twiki.cern.ch/twiki/bin/view/AtlasPublic/ApprovedPlotsDAQ}",
}


@article{Wingerter-Seez:2315747,
      author        = "Wingerter-Seez, I.",
      title         = "{Particle Physics Instrumentation}",
      archivePrefix = "arXiv",
      eprint        = "1804.11246",
      pages         = "20 p",
      month         = "Apr",
      year          = "2018",
      url           = "https://cds.cern.ch/record/2315747",
      note          = "20 pages, presented at the 2nd Asia-Europe-Pacific School
                       of High-Energy Physics, Puri, India, 04 - 17 Nov 2014",
      doi           = "10.23730/CYRSP-2017-002.295",
}


@article{10.2307/91247,
 ISSN = {02643952},
 URL = {http://www.jstor.org/stable/91247},
 author = {J. Neyman and E. S. Pearson},
 journal = {Philosophical Transactions of the Royal Society of London. Series A, Containing Papers of a Mathematical or Physical Character},
 number = {},
 pages = {289--337},
 publisher = {The Royal Society},
 title = {On the Problem of the Most Efficient Tests of Statistical Hypotheses},
 volume = {231},
 year = {1933}
}

@article{10.2307/1990256,
 ISSN = {00029947},
 URL = {http://www.jstor.org/stable/1990256},
 author = {Abraham Wald},
 journal = {Transactions of the American Mathematical Society},
 number = {3},
 pages = {426--482},
 publisher = {American Mathematical Society},
 title = {Tests of Statistical Hypotheses Concerning Several Parameters When the Number of Observations is Large},
 volume = {54},
 year = {1943}
}

@article{Linnemann:2003vw,
    author = "Linnemann, James T.",
    editor = "Lyons, L. and Mount, R. P. and Reitmeyer, R.",
    title = "{Measures of significance in HEP and astrophysics}",
    eprint = "physics/0312059",
    archivePrefix = "arXiv",
    reportNumber = "PHYSTAT-2003-MOBT001",
    journal = "eConf",
    volume = "C030908",
    pages = "MOBT001",
    year = "2003"
}


@article{stat_1,
author = {Cranmer, Kyle},
year = {2005},
month = {11},
pages = {},
title = {Statistical Challenges for Searches for New Physics at the LHC},
journal = {Statistical Problems in Particle Physics, Astrophysics and Cosmology - Proceedings of PHYSTAT 2005},
doi = {10.1142/9781860948985_0026}
}

@techreport{ATL-PHYS-PUB-2020-025,
      title         = "{Formulae for Estimating Significance}",
      institution   = "CERN",
      collaboration = "ATLAS Collaboration",
      address       = "Geneva",
      reportNumber  = "ATL-PHYS-PUB-2020-025",
      month         = "Sep",
      year          = "2020",
      url           = "https://cds.cern.ch/record/2736148",
      note          = "All figures including auxiliary figures are available at
                       https://atlas.web.cern.ch/Atlas/GROUPS/PHYSICS/PUBNOTES/ATL-PHYS-PUB-2020-025",
}

@article{DiLella:2015yit,
    author = "Di Lella, Luigi and Rubbia, Carlo",
    title = "{The Discovery of the W and Z Particles}",
    doi = "10.1142/9789814644150_0006",
    journal = "Adv. Ser. Direct. High Energy Phys.",
    volume = "23",
    pages = "137--163",
    year = "2015"
}

@article{leptoquark_1,
   title="{Gauge leptoquark as the origin of B-physics anomalies}",
   volume={96},
   ISSN={2470-0029},
   url={http://dx.doi.org/10.1103/PhysRevD.96.115011},
   DOI={10.1103/physrevd.96.115011},
   number={11},
   journal={Physical Review D},
   publisher={American Physical Society (APS)},
   author={Di Luzio, Luca and Greljo, Admir and Nardecchia, Marco},
   year={2017},
   month={Dec} 
}

@techreport{Okumura:2744026,
      author        = "Okumura, Yasuyuki",
      title         = "{Search for leptoquarks using the ATLAS detector}",
      institution   = "CERN",
      collaboration = "ATLAS Collaboration",
      address       = "Geneva",
      reportNumber  = "ATL-PHYS-PROC-2020-104",
      month         = "Nov",
      year          = "2020",
      url           = "https://cds.cern.ch/record/2744026",
      doi           = "10.22323/1.390.0268",
}



@article{ParticleDataGroup:2018ovx,
    author = "Tanabashi, M. and others",
    collaboration = "Particle Data Group",
    title = "{Review of Particle Physics}",
    doi = "10.1103/PhysRevD.98.030001",
    journal = "Phys. Rev. D",
    volume = "98",
    number = "3",
    pages = "030001",
    year = "2018"
}


@article{Das:2016stf,
      author         = "Das, Souvik",
      title          = "{A simple alternative to the Crystal Ball function}",
      year           = "2016",
      eprint         = "1603.08591",
      archivePrefix  = "arXiv",
      primaryClass   = "hep-ex",
      SLACcitation   = "%%CITATION = ARXIV:1603.08591;%%"
}


@article{Mehlhase:2770815,
      author        = "Mehlhase, Sascha",
      title         = "{ATLAS detector slice (and particle visualisations)}",
      collaboration = "ATLAS Collaboration",
      month         = "May",
      year          = "2021",
      url           = "https://cds.cern.ch/record/2770815",
}
@misc{susy_public_results,
      author = {CERN},
      collaboration  = "{ATLAS}",
      title = "{Public results from the ATLAS SUSY Working Group}",
      howpublished = "\url{https://twiki.cern.ch/twiki/bin/view/AtlasPublic/SupersymmetryPublicResults}",
}

@misc{gellmann2013,
  doi = {10.48550/ARXIV.1306.4669},
  url = {https://arxiv.org/abs/1306.4669},
  author = {Gell-Mann, Murray and Ramond, Pierre and Slansky, Richard},
  keywords = {High Energy Physics - Theory (hep-th), High Energy Physics - Phenomenology (hep-ph), FOS: Physical sciences, FOS: Physical sciences},
  title = {Complex Spinors and Unified Theories},
  publisher = {arXiv},
  year = {2013},
  copyright = {arXiv.org perpetual, non-exclusive license}
}


@proceedings{Sawada:1979dis,
    editor = "Sawada, Osamu and Sugamoto, Akio",
    title = "{Proceedings: Workshop on the Unified Theories and the Baryon Number in the Universe}: {Tsukuba, Japan, February 13-14, 1979}",
    reportNumber = "KEK-79-18",
    publisher = "Natl.Lab.High Energy Phys.",
    address = "Tsukuba, Japan",
    year = "1979"
}
@article{Glashow:1979nm,
    author = "Glashow, S. L.",
    title = "{The Future of Elementary Particle Physics}",
    reportNumber = "HUTP-79-A059",
    doi = "10.1007/978-1-4684-7197-7_15",
    journal = "NATO Sci. Ser. B",
    volume = "61",
    pages = "687",
    year = "1980"
}
@misc{Ramond1998,
  doi = {10.48550/ARXIV.HEP-PH/9809459},
  url = {https://arxiv.org/abs/hep-ph/9809459},
  author = {Ramond, P.},
  keywords = {High Energy Physics - Phenomenology (hep-ph), FOS: Physical sciences, FOS: Physical sciences},
  title = {The Family Group in Grand Unified Theories},
  publisher = {arXiv},
  year = {1998},
  copyright = {Assumed arXiv.org perpetual, non-exclusive license to distribute this article for submissions made before January 2004}
}


@article{Virtanen:2019joe,
    author = "Virtanen, Pauli and others",
    title = "{SciPy 1.0--Fundamental Algorithms for Scientific Computing in Python}",
    eprint = "1907.10121",
    archivePrefix = "arXiv",
    primaryClass = "cs.MS",
    doi = "10.1038/s41592-019-0686-2",
    journal = "Nature Meth.",
    volume = "17",
    pages = "261",
    year = "2020"
}

@article{ATLAS:2021ijy,
    collaboration = "ATLAS",
    title = "{Search for new phenomena in final states with photons, jets and missing transverse momentum in $pp$ collisions at $\sqrt{s} = 13$ TeV with the ATLAS detector}",
    reportNumber = "ATLAS-CONF-2021-028",
    year = "2021",
    author         = "CERN",
}


@article{Baak_2015,
      doi = {10.1140/epjc/s10052-015-3327-7},
      url = {https://doi.org/10.1140%2Fepjc%2Fs10052-015-3327-7},
      year = 2015,
      month = {Apr},
      publisher = {Springer Science and Business Media {LLC}},
      volume = {75},
      number = {4},
      author = {M. Baak and G. J. Besjes and D. C{\^{o}}t{\'{e}} and A. Koutsman and J. Lorenz and D. Short},
      title = "{HistFitter software framework for statistical data analysis}",
      journal = {The European Physical Journal C}
}

@techreport{ATL-PHYS-PUB-2022-009,
      title         = "{Standard Model Summary Plots February 2022}",
      institution   = "CERN",
      collaboration = "ATLAS Collaboration",
      address       = "Geneva",
      reportNumber  = "ATL-PHYS-PUB-2022-009",
      month         = "Mar",
      year          = "2022",
      url           = "http://cds.cern.ch/record/2804061",
      note          = "All figures including auxiliary figures are available at
                       https://atlas.web.cern.ch/Atlas/GROUPS/PHYSICS/PUBNOTES/ATL-PHYS-PUB-2022-009",
}