@Article{proposal,
     author    = "T. Lohse \etal",
     title     = "{\hb\ Proposal}", 
     journal   = "DESY-PRC 94/02", 
     year      = "1994"}

@Article{TDR,
     author    = "A. Hartouni \etal",
     title     = "{\hb\ Technical Design Report}", 
     journal   = "DESY-PRC 95/01"}

@Article{babar-cp,
     author    = "Aubert, B. and others",
 collaboration = "BABAR",
     journal   = "Phys. Rev. Lett.",
     volume    = "89",
     year      = "2002",
     pages     = "201802",
}

@Article{belle-cp,
     author    = "Abe, K. and others",
 collaboration = "Belle",
     journal   = "Phys. Rev.",
     volume    = "D66",
     year      = "2002",
     pages     = "071102",
}

@Article{herab-2002,
     author    = "{The \hb\ Collaboration}",
     title     = "{Report on Status and Prospects}", 
     journal   = "DESY-PRC 00/04",
     year      = "2000"}

@Article{csm,
     author    = "{R. Baier and R. R\ddu ckl}",
     journal   = "Phys.\ Lett.\ ",
     volume    = "B102",
     year      = "1981",
     pages     = "364"}

@Article{csm_1,
     author    = "{R. Baier and R. R\ddu ckl}",
     journal   = "Z. Phys.",
     volume    = "C19",
     year      = "1983",
     pages     = "251"
}


@Article{cem1,
       author  = "{G.T. Bodwin, E. Braaten and G.P. Lepage}",
       journal = "Phys.\ Rev. ",
       volume  = "D51", 
       year    = "1995",
       pages   = "1125"}

@Article{cem2,
     author    = "{P. Cho and A. Leibovich}",
     journal   = "Phys.\ Rev. ",
     volume    = "D53", 
     year      = "1996",
     pages     = "6203" }

@Article{nrqcd1,
     author    = "H. Fritzsch",
     journal   = "Phys.\ Lett.\ ",
     volume    = "B67",
     year      = "1977",
     pages     = "217"}
@Article{nrqcd1_1,     
     author    = "F. Halzen",
     journal   = "Phys. Phys.\ Lett.",
     volume    = "B69",
     year      = "1977",
     pages     = "105"}
@Article{nrqcd1_2,
    author    = "{F. Halzen and S. Matsuda}",
     journal   = "Phys.\ Rev.\ ",
     volume    = "D17", 
     year      = "1978",
     pages     = "1344"}
@Article{nrqcd1_3,
     author    = "{M. Gl\ddu ck, J. Owens and E. Reya}",
     journal   = "Phys.\ Rev.\ ",
     volume    = "D17", 
     year      = "1978",
     pages     = "2324"}
@Article{nrqcd1_4,     
     author    = "R. Gavai \etal", 
     journal   = "Int. J. Mod. Phys.",
     volume    = "A10",
     year      = "1995",
     pages     = "3043" }

@Article{nrqcd2,
     author    = "J.F. Amundson \etal",
     journal   = "Phys.\ Lett.\ ",
     volume    = "B372", 
     year      = "1996",
     pages     = "127"}
@Article{nrqcd2_1,
     author    = "J.F. Amundson \etal",
     journal   = "Phys.\ Lett.\ ",
     volume    = "B390", 
     year      = "1997",
     pages     = "323" }

@Article{qgp,
     author    = "M.C. Abreu \etal",
     journal   = "Phys.\ Lett. ",
     volume    = "B477", 
     year      = "2000",
     pages     = "28"}

@Article{herab-chic,
     author    = "I. Abt \etal",
     journal   = "Phys.\ Lett.\ ",
     volume    = "B561", 
     year      = "2003",
     pages     = "61" }

@Article{upsilon-note,
     author    = "{A. Lanyov and T. Bauer}",
     title     = "{Analysis Note on the Upsilon Production Cross Section in pA Collisions at \hb }",
     journal   = "\hb\ Note 05-007",
     year      = "2005" }

@Article{v0_production,
     author    = "I. Abt \etal",
     journal   = "Eur.\ Phys.\ J.",
     volume    = "29", 
     year      = "2003",
     pages     = "181" }

@Article{d0_upperlimit,
     author    = "Abt, I. and others",
 collaboration = "\hb",
     journal   = "Phys. Lett.",
     volume    = "B596",
     year      = "2004",
     pages     = "173" }

@Article{Nakano:2003qx,
     author    = "Nakano, T. and others",
 collaboration = "LEPS",
     journal   = "Phys. Rev. Lett.",
     volume    = "91",
     year      = "2003",
     pages     = "012002"
}

@Article{Stepanyan:2003qr,
     author    = "Stepanyan, S. and others",
 collaboration = "CLAS",
     journal   = "Phys. Rev. Lett.",
     volume    = "91",
     year      = "2003",
     pages     = "252001"
}

@Article{Barmin:2003vv,
     author    = "Barmin, V. V. and others",
 collaboration = "DIANA",
     journal   = "Phys. Atom. Nucl.",
     volume    = "66",
     year      = "2003",
     pages     = "1715-1718"
}

@Article{Aleev:2004sa,
     author    = "Aleev, A. and others",
 collaboration = "SVD",
     year      = "2004",
     eprint    = "hep-ex/0401024"
}

@Article{Chekanov:2004kn,
     author    = "Chekanov, S. and others",
 collaboration = "ZEUS",
     journal   = "Phys. Lett.",
     volume    = "B591",
     year      = "2004",
     pages     = "7-22",
}


@Article{Alt:2003vb,
     author    = "Alt, C. and others",
 collaboration = "NA49",
     journal   = "Phys. Rev. Lett.",
     volume    = "92",
     year      = "2004",
     pages     = "042003",
}

@Article{Aktas:2004qf,
     author    = "Aktas, A. and others",
 collaboration = "H1",
     journal   = "Phys. Lett.",
     volume    = "B588",
     year      = "2004",
     pages     = "17",
}


@Article{herab-penta,
     author    = "Abt, I. and others",
 collaboration = "\hb",
     journal   = "Phys. Rev. Lett.",
     volume    = "93",
     year      = "2004",
     pages     = "212003"}

@Article{rich,
     author = "I. Arino \etal", 
     year   = "2003", 
     eprint = "hep-ex/0303012"}

@Article{ecal-2002,
     author    = "I. Matchikhilian for the \hb\ ECAL collaboration",
     title     = "{Proceedings of the XI International Conference on Calorimetry in High Energy Physics}", 
     note      = "March 2004, Perugia, Italy. To be published by World Scientific."}


@Article{arte,
     author    = "{The \hb\ software group}",
     title     = "{The Event Reconstruction and Analysis Tool for \hb - ARTE}", 
     note      = "March 1996"}

@Article{CATS,
     author    = "{I. Kisel and S. Masciocchi}",
     title     = "{A Cellular Automaton for Tracking in Silicon for the \hb\ Vertex Detector}", 
     journal   = "\hb\ Note 99-242",
     year      = "1999"}

@Article{CATS-OTR,
     author    = "{D. Emeliyanov, I. Gorbounov and I. Kisel}",
     title     = "{OTR/ITR-CATS: Tracking Based on Cellular Automaton and Kalman Filter}", 
     journal   = "\hb\ Note 01-137",
     year      = "2001"}

@Article{CARE,
     author    = "{M. Villa}",
     title     = "{Progress report on the ECAL reconstruction software}", 
     journal   = "\hb\ Note 97-135",
     year      = "1999"}

@Article{RITER,
     title     = "{Track based particle identification algorithm - RITER}", 
     note      = "{http://www-hera-b.desy.de/subgroup/detector/rich/riter/}",
     year      = "1999"}


@Article{MARPLE,
     author    = "{O. Igonkina}",
     title     = "{MARPLE -Version 1.03-}", 
     journal   = "\hb\ Note 98-129",
     year      = "1998"}

@PhdThesis{ulrich_th,
     author    = "U. Husemann",
     title     = "{Measurement of Nuclear Effects in the Production of \jpsi\ Mesons with the \hb\ Detector}",
     school    = "Univ. Siegeneng",
     year      = "2005" }

@Article{bbnote2004,
     author    = "B. Giacobbe \etal",
     title     = "{A New Measurement of the b-bbar Production Cross Section at \hb }",
     journal   = "\hb\ Note, 04-036",
     year      = "2004"}

@Article{fact-theo1,
     author    = "{J.C. Collins, D.E. Soper and G. Steran}",
     journal   = "Nucl.\ Phys.",
     volume    = "B261",
     year      = "1985",
     pages     = "104"}
@Article{fact-theo1_1,
     author    = "G.T. Bodwin",
     journal   = "Phys.\ Rev.\ ",
     volume    = "D31",
     year      = "1985",
     pages     = "2616",
     note      = "E. Erratum-ibid.{\bf D34},(1986) 3932" }

@Article{altarelli-parisi,
     author    = "{G. Altarelli and G. Parisi}",
     journal   = "Nucl.\ Phys.",
     volume    = "B126",
     year      = "1977",
     pages     = "298" }

@Article{cteq,
     author    = "H. L. Lai \etal",
     journal   = "Eur.\ Phys.\ J.",
     volume    = "C12", 
     year      = "2000",
     pages     = "375" }   

@Article{mrst,
     author    = "Martin, A. D. and Roberts, R. G. and Stirling, W. J. and Thorne, R. S.",
     journal   = "Phys. Lett.",
     volume    = "B531",
     year      = "2002",
     pages     = "216",
}


@Article{grv98,
     author    = "{M. Gl\ddu ck, E. Reya, A. Vogt}",
     journal   = "Eur.\ Phys.\ J.",
     volume    = "5", 
     year      = "1998",
     pages     = "461"}

@Article{hooft,
     author    = "{G. 't Hooft, M.J.G. Veltman}",
     journal   = "Nucl.\ Phys.",
     volume    = "B44",
     year      = "1972",
     pages     = "189" }


@Article{nason_NLO,
     author    = "{P. Nason, S. Dawson, R.K. Ellis}",
     journal   = "Nucl.\ Phys.",
     volume    = "B303",
     year      = "1988",
     pages     = "607" }

@Book{ryder,
     author    = "L. H. Ryder",
     title     = "{Quantum Field Theory}", 
     publisher = "Cambridge University Press",
     year      = "1996" }

@Article{msbar,
     author    = "W. A. Barden \etal ",
     journal   = "Phys.\ Rev.\ ",
     volume    = "D18", 
     year      = "1978",
     pages     = "3998" }

@PhdThesis{niels,
     author    = "N. Tuning",
     title     = "{Proton structure functions at HERA}",
     school    = "Univ. Amsterdam",
     year      =  "2001"}

@Article{mang,
     author    = "{M. Mangano, P. Nason and G. Ridolfi}",
     journal   = "Nucl.\ Phys.",
     volume    = "B373", 
     year      = "1992",
     pages     = "295"}
@Article{mang_1,
    author    = "{P. Nason, S. Dawson and R. K. Ellis}",
     journal   = "Nucl.\ Phys.",
     volume    = "B327",
     year      = "1988",
     pages     = "49" }


@Article{beenakker,
     author    = "{W. Beenakker, H. Kuijf, W.L. van Neerven and J. Smith}",
     journal   = "Phys.\ Rev.",
     volume    = "D40", 
     year      = "1989",
     pages     = "54"}

@Article{beenakker_1,     
     author    = "{W. Beenakker,  W.L. van Neerven, R. Meng, G.A. Schuler and J. Smith}",
     journal   = "Nucl.\ Phys.",
     volume    = "B351", 
     year      = "1991",
     pages     = "507" }

@Article{frixio,
     author    = "S. Frixione \etal ",
     journal   = "Nucl.\ Phys.",
     volume    = "B431", 
     year      = "1994",
     pages     = "453" }


@Article{otr-steg,
     author    = "Stegmann, C.",
 collaboration = "\hb\ Outer Tracker Group",
     title     = "{The Outer Tracker for \hb }",
     journal   = "Nucl. Instrum. Meth.",
     volume    = "A453",
     year      = "2000",
     pages     = "153"
}

@Article{pumplin,
     author    = "J. Pumplin \etal", 
     journal = "J. High Energy Phys. JHEP07(2002)012"}

@Article{ccalpha,
     author    = "Leitch, M. J. and others",
 collaboration = "E789",
     journal   = "Phys. Rev. Lett.",
     volume    = "72",
     year      = "1994",
     pages     = "2542"}

@Book{halzen,
     author    = "{F. Halzen and A.D. Martin}",
     title     = "{Quarks $\&$ Leptons}", 
     publisher = "Jhon Wiley and Sons", 
     year      = "1984" }


@Article{nason,
     author    = "Nason, P.",
     title     = "{Introduction to QCD}",
     note      = "Prepared for The 1997 European School of High-Energy Physics, Menstrup, Denmark, 25 May - 7 Jun 1997"
}


@Article{fact-theo2,
     author    = "{R.K. Ellis, H. Georgi, M. Machacek, H.D. Politzer and G.G. Ross}",
     journal   = "Phys.\ Lett.\ ",
     volume    = "B78", 
     year      = "1978",
     pages     = "281" }

@Article{lambda-cleo,
     author    = "R. Ammar \etal",
 collaboration = "CLEO",
     journal   = "Phys.\ Rev.\ ",
     volume    = "D57", 
     year      = "1998",
     pages     = "1350" }

@PhdThesis{maarten-th,
     author    = "M. Bruinsma",
     title     = "{\jpsi\ in pA}",
     school    = "Univ. Utrecht",
     year      = "2002" }

@Article{cdf_pol,
     author    = "T. Affolder \etal ",
     journal   = "Phys. Rev. Lett.",
     volume    = "85", 
     year      = "2000",
     pages     = "2886" }

@Article{vogt_supp,
     author    = "R. Vogt", 
     journal   = "Int. J. Mod. Phys.",
     volume    = "E12",
     year      = "2003",
     pages     = "211"}

@Article{E866,
     author    = "Leitch, M. J. and others",
 collaboration = "FNAL E866/NuSea",
     journal   = "Phys. Rev. Lett.",
     volume    = "84",
     year      = "2000",
     pages     = "3256"}


@Article{lep1,
     author    = "D.E. Groom \etal",
     journal   = "Eur.\ Phys.\ J.",
     volume    = "15", 
     year      = "2000",
     pages     = "1" }

@Article{E789,
     author    = "M.H. Schub \etal",
 collaboration = "E789",
    journal    = "Phys.\ Rev.\ ",
     volume    = "D52", 
     year      = "1995",
     pages     = "1307" }

@Article{E771,
     author    = "E771 collab., T. Alexopoulos \etal",
     journal   = "Phys.\ Rev.\ ",
     volume    = "D55", 
     year      = "1997",
     pages     = "3927" }


@Article{Alexopoulos:1995dt,
     author    = "Alexopoulos, T. and others",
 collaboration = "E771",
     journal   = "Phys. Lett.",
     volume    = "B374",
     year      = "1996",
     pages     = "271",
}



@Article{otr,
     author    = "\hb\ Outer Tracker Group Collaboration",
     title     = "{The Outer Tracker Detector for the \hb\ Experiment}",
     note      = "in preparation" }

@Article{kalman,
     author    = "R. Fr\ddu hwirth",
     journal   = "Nucl.\ Instr.\ Methods",
     volume    = "262", 
     year      = "1987",
     pages     = "444" }

@Article{kalman-vertex,
     author    = "T. Lohse",
     title     = "{Vertex Reconstruction $\&$ Fitting}",
     year      = "1995"}


@Article{fltlb,
     author    = "{M. Bruinsma, J. Hogenbirk and O. Steinkamp}",
     title     = "{Documentation on the First Level Trigger Linkboard}",
     journal   = "\hb\ Note 98-066", 
     year      = "1998"} 

@Article{negri,
     author    = "I. Negri",
     title     = "{Mapping of the OTR and the Muon detectors for the First Level Trigger}",
     journal   = "FLT internal Note"}
     year      = "2000" }

@Article{flam_tpu,
     author    = "J.Flammer",
     title     = "{Track Parameter Unit Documentation}",
     journal   = "\hb Note 01-055",
     year      = "2001"}

@Article{michael_tdu,
     author    = "Michael N\ddo renberg",
     title     = "{Objektorientierte Simulation der Trigger Decision Unit des \hb\ First Level Triggers}"}

@PhdThesis{holger,
     author    = "Holger Fleckenstein",
     title     = "{Performance of the TFU network of the First Level Trigger of \hb\ and determination of efficiencies for $\jpsi \ra \mu^+\mu^-$}",
     school    = "Univ. Hamburg",
     year      = "2002"}

@PhdThesis{michael,
     author    = "Michael N\ddo renberg",
     title     = "{Tracking Efficiency of the \hb\ First Level Trigger in the Single Lepton Mode}",
     school    = "Univ. Hamburg",
     year      = "2003" }

@Article{somov,
     author    = "A. Somov",
     title     = "{FLT online initialization software}", 
     journal   = "\hb\ Note 02-120",
     year      = "2002"}

@Article{vladik_eff,
     author    = "V. Balagura",
     title     = "{FLT Efficiency Maps}", 
     journal   = "\hb\ Note 03-024",
     year      = "2003"}

@Article{vladik_mu1,
     author    = "V. Balagura",
     title     = "{MU1 Efficiency at FLT}", 
     journal   = "\hb\ Note 02-035",
     year      = "2002"}

@PhdThesis{maaijke,
     author    = "M. Mevius",
     title     = "{Beauty at \hb\ ~}",
     school    = "Univ. Utrecht",
     year      = "2003" }

@Article{antonello_wm,
     author    = "A. Sbrizzi",
     note      = "private comunication"}

@PhdThesis{antonello,
     author    = "A. Sbrizzi",  
     school    = "Univ. Amsterdam", 
     note      = "in preparation"}

@Article{hard_papper,
     author    = "I. Abt \etal",
     title     = "{The \hb\ Apparatus}", 
     note      = "in preparation"}

@Article{wouter,
     author    = "W. Hulsbergen", 
     journal   = "\hb\ Note 02-075", 
     year      = "2002"}

@Article{grover,
     author    = "D. Emeliyanov \etal", 
     title     = "{Generic Reconstruction Of VERtices - GROVER v2.01}",
     note      = "March 2001"}

@Article{pdg,
     author    = "{Particle Data Group (K. Hagiwara \etal)}",
     journal   = "Phys.\ Rev.",
     volume    = "D66", 
     year      = "2002",
     pages     = "010001" } 

@Article{e789-bb,
     author    = "D.M. Jansen \etal",
 collaboration = "E789",
     journal   = "Phys. Rev. Lett.",
     volume    = "74", 
     year      = "1995",
     pages     = "3118" }

@Article{e771-bb,
     author    = "T. Alexopoulos \etal ",
 collaboration = "E771",
     journal   = "Phys. Rev. Lett.",
     volume    = "82", 
     year      = "1999",
     pages     = "41" }

@Article{herab,
 collaboration = "\hb ", 
     journal   = "DESY-PRC-00-04",
     year      = "2000"}

@Article{PYTHIA,
     author    = "T. Sj\ddo strand ", 
     journal   = "Comput. Phys. Commun.",
     volume    = "82",
     year      = "1994",
     pages     = "74"}

@Article{FRITIOF,
     author    = "H. Pi", 
     journal   = "Comput. Phys. Commun.",
     volume    = "71",
     year      = "1992",
     pages     = "173"}

@Article{GEANT,
     author    = "{R. Brun \etal}", 
     title     = "{GEANT3}",  
     journal   = "CERN-DD-EE-84-1", 
     year      = "1987"}

@Article{herabmc,
     author    = "J. Ivarsson \etal" , 
     title     = "{PYTHIA and FRITIOF: Event Generators for \hb }" , 
     journal   = "\hb\ Note 99-067",
     year      = "1999"}  

@Article{herab2000,
     author    = "I. Abt \etal ",
 collaboration = "\hb",
     journal   = "Eur.\ Phys.\ J.",
     volume    = "26", 
     year      = "2003",
     pages     = "345" }

@Article{kartvelishvili,
     author    = "{V. G. Kartvelishvili, A. K. Likhoded and V. A. Petrov}",
     journal   = "Phys.\ Lett.",
     volume    = "B78", 
     year      = "1978",
     pages     = "615" }

@Article{peterson,
     author    = "C. Peterson \etal",
     journal   = "Phys.\ Rev.",
     volume    = "D27", 
     year      = "1983",
     pages     = "105" }

@Article{peterson_epsilon,
     author    = "J. Chirn",
     journal   = "Z. Phys.",
     volume    = "36", 
     year      = "1987",
     pages     = "163"}
@Article{peterson_epsilon_1,     
     author    = "D. Decamp \etal.",
     journal   = "Phys.\ Lett.",
     volume    = "B244", 
     year      = "1990",
     pages     = "551"}
@Article{peterson_epsilon_2,
     author    = "P. Nason and C. Oleari",
     journal   = "Nucl.\ Phys.",
     volume    = "B565", 
     year      = "2000",
     pages     = "245" }

@Article{kartvelishvili_alpha,
     author    = "Heister, A. and others",
 collaboration = "ALEPH",
     journal   = "Phys. Lett.",
     volume    = "B512",
     year      = "2001",
     pages     = "30"
}


@Article{partonkt,
     author    = "{J. Chay, S. D. Ellis and W. J. Stirling}",
     journal   = "Phys.\ Rev.\ ",
     volume    = "D45", 
     year      = "1992",
     pages     = "46" }

@Article{E772,
     author    = "P.L. McGaughey \etal",
 collaboration = "E772",
     journal   = "Phys.\ Rev.\ ",
     volume    = "D50", 
     year      = "1994",
     pages     = "3038" }

@Article{kidonakis,
     author    = "{N. Kidonakis, E. Laenen, S. Moch and R. Vogt}",
     journal   = "Phys.\ Rev.\ ",
     volume    = "D64", 
     year      = "2001",
     pages     = "114001"}

@Article{kidonakis2004,
     author    = "{N. Kidonakis and R. Vogt}",
     journal   = "Eur.\ Phys.\ J.",
     volume    = "36", 
     year      = "2004",
     pages     = "201" }

@Article{bonciani,
     author    = "{R. Bonciani, S. Catani, M.L Mangano and P. Nason}",
     journal   = "Nucl.\ Phys.",
     volume    = "B529", 
     year      = "1998",
     pages     = "24" }

@Article{bmass_bauer,
     author    = "C. W. Bauer \etal", 
     journal   = "UCSD-PTH-04-12",
     year      = "2004", 
     eprint    = "hep-ph/0408002"}

@Article{maaijke-opt,
     author    = "M. Mevius",
     title     = "{Selection cuts optimization tool}", 
     journal   = "Talk at NIKHEF Bfys Meeting",
     note      = "14th May 2004"}


@Article{boris,
     author    = "B. Fominykh", 
     journal   = "\hb\ Note 00-171",
     year      = "2000"}

@Article{jpsifit,
     author    = "A. Spiridonov", 
     journal   = "\hb\ Note 04-016",
     year      = "2004"}
 
@PhdThesis{arino,
     author    = "I. Arino",
     title     = "{Measurement of hadron fractions in Proton-Nucleus interactions at 920 GeV/c using the \hb\ detector}", 
     school    = "Univ. Barcelona",
     year      = "2001"}

@Article{prism,
     author    = "R. Mankel",
     title     = "{Prism - The HERA-B Event Display and its Tcl/Tk User Interface (Version 4.9)}",
     year      = "1997"}

@Article{mankel-track,
     author    = "Mankel, R.",
     title     = "{A concurrent track evolution algorithm for pattern
                  recognition in the \hb\ main tracking system}",
     journal   = "Nucl. Instrum. Meth.",
     volume    = "A395",
     year      = "1997",
     pages     = "169"
}

@Article{grover-vertex,
     author    = "D. Emeliyanov",
     title     = "{Primary Vertex Reconstruction by Grover}",
     journal   = "Tracking meeting",
     note      = "March 27th 2002"}   

@Article{feldman,
     author    = "{G. J. Feldman and R. D. Cousins}",
     journal   = "Phys.\ Rev.\ ",
     volume    = "D57", 
     year      = "1998",
     pages     = "3873"}
